1894 3186
296 179 348 212 DE
387 177 616 220 ENCAENHS,
654 180 697 213 IN
737 178 894 219 QUIBUS
934 175 1202 212 VOLUERUNT
1241 173 1383 208 JESUM
1423 172 1568 207 LAPID.
1699 171 1755 204 311

119 251 180 285 tur
191 251 289 285 Deus
301 260 309 284 ε
321 250 470 292 natura,
482 250 521 284 ut
534 249 632 284 Deus
644 248 900 295 omnipotens;

120 297 336 342 adoptione,
374 298 414 332 ut
447 295 636 342 particeps
665 297 828 343 deitatis,
858 297 904 334 de

123 344 261 391 quibus
272 343 310 380 iu
326 342 527 379 psalmista
542 342 702 380 dicitur:
717 346 900 388 Diiesti35

119 391 311 438 opinione,
335 402 399 427 seu
427 391 721 437 nuncupatione,
742 394 783 428 ut
802 392 904 429 idola

120 442 158 475 et
177 439 383 475 daemones.
402 437 547 474 Deinde
563 439 634 474 hoc
655 439 755 475 idem
778 442 902 476 osten-

118 486 174 523 dit
192 485 371 522 Dominus
387 496 456 532 per
473 485 676 527 rationem,
699 485 841 523 scilicet
859 497 903 523 ex

119 534 297 580 operibus
319 532 442 569 Patris
462 543 546 578 quae
569 532 744 570 faciebat.
769 533 904 570 Omnia

119 581 234 634 enim,
249 580 458 618 secundum
478 580 765 627 Philosophum,
783 581 903 617 deter-

118 630 313 681 mlnantur
338 628 492 674 proprio
523 638 652 674 opere,
674 631 711 664 et
730 628 814 664 ideo
836 639 903 675 per

118 686 310 723 propriam
323 675 583 722 operationem
593 676 848 712 certificamur
856 676 902 712 de

120 727 256 760 natura
282 722 356 766 rei;
387 722 557 759 Christus
589 726 715 760 autem
744 723 905 759 faciebat

118 781 233 818 opera
253 769 460 806 divinitatis
480 770 648 817 propria,
666 769 809 807 scilicet
831 770 899 806 mi-

120 819 264 861 racula,
283 818 589 854 transcendentia
606 821 724 854 totam
747 818 901 857 faculta-

116 868 195 902 tem
219 868 417 909 creaturae,
447 869 484 901 et
510 876 555 901 ea
578 865 740 901 faciebat
763 865 902 901 virtute

119 912 287 960 propria,
310 924 386 948 non
408 913 530 949 solum
552 913 784 949 obsecrando
806 912 901 949 divi-

121 971 210 996 nam
233 960 458 1006 potentiam,
479 961 543 996 sed
560 960 764 1006 aliquando
783 960 902 1005 impe-

120 1008 259 1052 rando;
275 1019 317 1044 ex
330 1019 402 1053 quo
421 1007 669 1052 concluditur,
685 1008 785 1053 quod
803 1007 841 1043 in
857 1018 901 1043 eo

118 1066 206 1091 vere
223 1060 305 1091 erat
322 1058 457 1091 natura
473 1055 613 1097 divina,
630 1060 668 1091 et
685 1066 752 1101 per
769 1066 901 1091 conse-

120 1113 240 1149 quens
260 1114 334 1139 non
363 1106 443 1139 erat
473 1103 718 1148 blasphemus
742 1102 902 1138 dicendo

118 1161 158 1186 se
174 1161 257 1186 esse
272 1152 406 1196 Deum,
420 1150 477 1186 vel
495 1150 629 1186 Filium
648 1150 727 1186 Dei.
742 1152 791 1185 Ac
807 1149 836 1185 si
851 1149 904 1184 di-

120 1201 221 1234 ceret
236 1211 246 1233 .·
264 1199 346 1233 Non
364 1201 509 1234 tantum
528 1208 594 1243 per
607 1198 724 1233 verba
744 1208 803 1232 me
821 1207 903 1232 esse

119 1244 254 1281 Filium
268 1245 333 1281 Dei
347 1245 522 1288 credatis,
535 1245 600 1280 sed
612 1244 725 1280 etiam
738 1255 805 1290 per
818 1254 904 1289 ope-

119 1303 177 1337 ra,
191 1303 274 1338 quae
290 1295 326 1328 et
343 1294 453 1328 modo
475 1303 547 1338 quo
565 1302 611 1328 ea
630 1291 741 1335 facio,
755 1294 791 1327 et
806 1292 902 1327 sacto

120 1339 203 1386 ipso
219 1340 424 1376 ostendunt
444 1339 484 1375 in
502 1350 563 1376 me
585 1342 757 1375 naturam
778 1343 814 1374 et
833 1338 905 1374 vir-

121 1391 241 1424 tutem
276 1387 341 1423 Dei
367 1398 464 1424 esse.
495 1388 537 1424 Si
563 1389 656 1422 mihi
686 1397 758 1423 non
791 1388 904 1422 vultis

123 1435 280 1476 credere,
303 1434 342 1470 id
363 1438 420 1470 est
449 1434 575 1470 verbis
603 1434 712 1479 meis,
735 1434 904 1480 operibus

122 1483 270 1526 credite,
295 1493 360 1518 seu
386 1483 501 1518 fidem
522 1481 690 1518 adhibite
707 1484 749 1518 ut
769 1480 903 1517 merito

122 1529 226 1574 fidei,
266 1529 429 1575 amplius
471 1530 735 1576 cognoscendo
773 1539 902 1575 opera,

122 1576 283 1614 veniatis
307 1577 355 1613 ad
376 1577 491 1613 fidem
518 1576 691 1621 deitatis3
714 1579 755 1612 ut
775 1587 904 1620 coqne-

121 1627 234 1661 scatis
253 1628 287 1660 et
300 1626 459 1660 credatis
478 1626 568 1670 quia
582 1626 692 1660 Pater
706 1626 746 1660 in
764 1634 820 1659 me
837 1626 903 1666 est,

120 1683 188 1719 per
209 1675 358 1708 naturae
384 1671 763 1718 inseparabilitatem,
786 1673 822 1707 et
846 1670 905 1706 sui

121 1731 328 1756 consensus
348 1720 583 1756 voluntatem
603 1719 642 1755 iu
660 1718 789 1755 omnia
808 1718 907 1754 facta

121 1778 232 1812 mea;
258 1771 291 1803 et
321 1778 383 1811 eqo
415 1769 455 1802 in
487 1769 609 1811 Patre,
643 1765 739 1802 sicut
774 1776 796 1802 a
831 1776 904 1811 quo

122 1815 246 1851 habeo
264 1818 440 1850 naturam
455 1817 493 1851 et
503 1814 716 1858 veritatem,
727 1816 763 1849 et
775 1823 904 1859 opera.

123 1863 165 1898 In
191 1873 234 1898 eo
262 1865 320 1899 est
344 1863 469 1907 Pater,
494 1864 529 1897 et
556 1860 635 1907 ipse
657 1860 697 1896 in
722 1862 847 1905 Patre,
868 1859 906 1895 in

126 1913 308 1956 quantum
338 1913 392 1945 est
419 1920 494 1945 una
522 1912 659 1945 natura
691 1909 904 1951 amborum,

127 1957 222 1993 sicut
255 1967 331 1993 una
362 1956 546 2002 operatio.
570 1955 640 1999 Qui
669 1966 758 2001 ergo
786 1954 907 1999 magis

128 2004 252 2050 diligit
276 2004 333 2039 vel
356 2004 488 2047 credit,
512 2003 672 2049 amplius
699 2001 905 2047 cognoscit.

174 2067 193 2098 7
216 2053 393 2088 CHRISTUS
415 2063 495 2086 Exir
517 2063 561 2086 nn
585 2061 739 2086 MANIBUS
763 2051 906 2085 ,loono-

128 2110 200 2134 Rmi
236 2112 272 2135 m
308 2111 378 2134 EUM
412 2110 517 2133 ulicis
557 2108 824 2133 ixsmmurmn.
863 2117 907 2122 -

129 2146 221 2182 Vide
258 2146 318 2181 hic
352 2145 565 2181 mirabilem
596 2145 816 2181 Judaeorum
853 2144 908 2178 in-

128 2193 298 2230 saniam!
328 2193 400 2239 Ipsi
427 2194 605 2229 volebant
632 2192 725 2227 scire
753 2191 782 2227 si
811 2194 910 2226 esset

128 2241 326 2285 Christus3
349 2243 384 2276 et
406 2240 495 2287 quia
517 2239 642 2275 verbis
669 2243 705 2274 et
732 2238 909 2285 operibus

127 2288 198 2323 hoc
209 2289 410 2334 probabat,
425 2298 511 2323 eum
529 2286 698 2332 lapidare
718 2286 907 2321 volebant.

127 2335 201 2381 Ipsi
218 2346 307 2371 voro
332 2346 453 2381 neque
474 2335 612 2378 verbis,
638 2344 759 2379 neque
782 2332 910 2378 operi-

127 2382 197 2418 bus
211 2382 487 2418 inducebantur
503 2382 550 2417 ad
568 2381 800 2418 credendum
818 2391 826 2424 3
847 2379 913 2415 sed

129 2434 325 2475 tamquam
353 2429 548 2474 obstinati,
589 2429 813 2474 quaerebcmt,
840 2429 915 2462 stu-

131 2476 253 2521 diose,
287 2488 366 2512 eum
401 2477 686 2522 apprehendere,
710 2486 786 2510 non
815 2475 916 2509 bona

131 2523 453 2570 apprehensione,
466 2523 608 2559 scilicet
622 2523 669 2559 ad
685 2521 916 2557 credendum

134 2574 172 2607 et
201 2571 507 2616 intelligendum,
540 2571 607 2606 sed
638 2570 751 2612 mala,
775 2567 917 2603 scilicet

134 2619 182 2654 ad
201 2618 434 2654 saeviendum
453 2621 489 2653 et
510 2618 557 2653 ad
581 2616 841 2653 occidendum.
864 2616 915 2650 Tu

136 2666 404 2712 apprehendas
416 2665 628 2708 uthaheas3
646 2663 695 2699 illi
713 2662 918 2708 apprehen-

137 2713 228 2748 dere
265 2713 442 2748 volebant
475 2716 515 2748 ut
551 2723 627 2747 non
652 2711 849 2747 haherent.
872 2711 919 2744 Et

135 2761 244 2796 Jesus
259 2761 375 2796 eoez'rit
389 2760 432 2794 cle
448 2760 617 2795 mambus
628 2770 767 2801 corum,
782 2755 919 2791 virtute

142 2807 271 2844 divina
289 2806 481 2844 transiens
498 2817 564 2853 per
583 2806 700 2855 ipsos,
715 2804 810 2841 sicut
827 2803 921 2840 alias

976 247 1132 289 fecerat,
1154 248 1193 281 ut
1226 243 1443 280 ostenderet
1477 253 1517 278 se
1544 252 1619 278 non
1645 251 1756 287 posse

978 292 1160 337 detineri,
1185 291 1258 327 nisi
1296 291 1444 336 quando
1479 290 1616 333 vcllet;
1643 291 1680 324 ct
1715 291 1757 324 ut

978 343 1085 379 daret
1128 339 1238 376 nobis
1283 338 1492 383 exemplum
1542 335 1758 373 dchInandi

978 390 1164 426 malorum
1183 385 1379 429 saevitiam,
1396 384 1546 430 quando
1567 383 1648 420 sine
1668 383 1757 419 fidei

978 435 1145 484 periculo
1160 434 1243 471 fieri
1258 435 1396 480 potest.
1410 433 1490 468 Non
1505 431 1606 468 enim
1626 441 1758 478 appre-

977 483 1216 528 henderunt,
1255 479 1344 527 quia
1383 489 1517 515 manus
1552 478 1641 515 fidei
1680 488 1757 514 non

978 532 1205 569 habuerunt.
1224 530 1285 570 Et,
1297 526 1430 564 relicta
1446 528 1464 562 J
1471 525 1590 570 udaca,
1603 528 1758 572 propter

978 576 1285 616 incredulitatem
1321 584 1467 619 eorum,
1500 574 1595 609 abiit
1628 574 1762 608 iterum

979 630 1083 664 trans
1105 625 1317 668 Jordanem,
1344 623 1385 658 in
1423 632 1503 657 eum
1539 622 1669 665 locum,
1697 620 1761 655 ubi

979 677 1057 710 erat
1087 675 1244 710 Joannes
1280 670 1473 716 baptizans
1501 669 1692 714 primum5
1728 670 1762 703 et

978 723 1072 766 illic,
1094 720 1142 757 ad
1166 722 1317 765 tempus
1337 727 1424 753 cum
1456 714 1647 761 discipulis
1668 713 1758 758 suis,

979 770 1132 812 mansit,
1152 769 1191 803 ut
1210 763 1338 812 populi
1358 763 1551 800 venientes
1568 761 1616 797 ad
1635 760 1759 808 ipsum

978 816 1273 853 recordarentur
1290 813 1336 849 de
1365 809 1581 847 testimonio
1598 807 1758 845 Joanuis

980 863 1171 910 Baptistat,
1194 864 1230 897 et
1249 861 1294 896 de
1310 857 1524 895 testimonio
1543 856 1606 893 Dei
1623 856 1758 899 Patris,

981 915 1018 947 et
1035 913 1079 947 de
1090 909 1172 946 aliis
1190 908 1240 944 ibi
1262 907 1368 943 factis
1387 909 1423 942 et
1437 904 1566 947 dictis3
1580 907 1614 940 et
1631 903 1683 939 sic
1697 904 1761 939 ha-

979 959 1058 995 bita
1081 957 1291 1004 primorum
1313 957 1350 990 et
1370 952 1660 989 novissimorum
1682 951 1758 986 col-

980 1006 1132 1042 latione.
1145 1004 1464 1040 confirmarentur
1480 1000 1519 1035 in
1538 999 1610 1034 tide
1626 997 1757 1044 ipsius.

981 1052 1162 1096 Conspice
1190 1051 1302 1096 igitur
1328 1053 1405 1084 tam
1435 1058 1537 1090 eum,
1560 1056 1673 1092 quam
1705 1044 1759 1080 di-

981 1100 1143 1146 scipulos
1180 1109 1268 1134 suos
1305 1099 1460 1132 moestos
1496 1094 1688 1137 recedere,
1725 1095 1762 1128 et

980 1147 1073 1193 ipsis
1096 1150 1174 1182 toto
1196 1155 1306 1191 posse
1331 1146 1559 1189 compatere.
1583 1143 1629 1176 Et
1656 1141 1763 1175 multi

980 1197 1155 1230 venerunt
1181 1193 1229 1228 ad
1263 1203 1355 1235 eum,
1380 1201 1457 1225 non
1484 1192 1561 1224 tam
1590 1197 1762 1233 corpore,

980 1252 1093 1288 quam
1114 1239 1254 1276 mentis
1287 1236 1501 1280 devotione,
1529 1238 1564 1271 et·
1597 1235 1764 1270 credide-

979 1293 1067 1325 runt
1098 1291 1136 1323 in
1172 1288 1292 1330 illum,
1329 1296 1372 1320 ex
1405 1287 1483 1320 toto
1522 1282 1646 1318 corde.
1672 1283 1765 1317 Ecce

979 1336 1042 1373 isti
1089 1333 1422 1381 apprehenderunt
1459 1332 1762 1377 permanentem,

979 1387 1020 1420 ut
1034 1384 1218 1419 haberent
1234 1393 1243 1424 3
1262 1380 1327 1416 sed
1344 1378 1461 1424 iniqui
1482 1376 1603 1414 Judaei
1627 1387 1762 1422 appre-

979 1431 1149 1467 hendere
1183 1429 1382 1464 voluerunt
1417 1424 1687 1468 discedentem,
1722 1427 1762 1459 ut

981 1489 1058 1514 non
1097 1478 1292 1513 haberent.
1330 1474 1483 1520 Mystice
1520 1476 1663 1515 autem,
1701 1481 1758 1506 se-

981 1526 1146 1562 cundum
1175 1523 1426 1567 Theophilum,
1448 1519 1629 1555 recedens
1656 1528 1678 1553 a
1700 1519 1761 1554 Je-

980 1571 1179 1618 rosolymis
1208 1569 1403 1613 Dominus,
1432 1568 1503 1603 hoc
1529 1569 1586 1602 est
1606 1576 1629 1601 a
1651 1565 1760 1611 plebe

981 1620 1151 1664 Judaica,
1179 1618 1227 1654 ad
1252 1617 1336 1653 loca
1362 1616 1485 1651 fontes
1511 1612 1693 1649 habentia
1719 1623 1760 1648 se

981 1667 1188 1711 transsert3
1226 1664 1265 1700 id
1300 1666 1357 1700 est
1391 1663 1439 1698 ad
1478 1660 1683 1697 Ecclesiam
1717 1670 1761 1695 ex

983 1714 1179 1758 Gentibus,
1193 1723 1275 1759 quae
1284 1711 1399 1747 habet
1412 1710 1553 1761 fontem
1564 1706 1761 1754 Baptismi,

981 1773 1050 1809 per
1073 1772 1185 1808 quem
1222 1758 1329 1795 multi
1362 1758 1410 1794 ad
1437 1757 1627 1793 Christum
1655 1765 1762 1790 accea·

983 1810 1090 1854 dunt,
1123 1806 1231 1854 quasi
1266 1808 1509 1842 transeuntes
1546 1802 1762 1838 Jordanem.

1031 1860 1051 1893 8
1092 1857 1159 1900 Qut
1200 1866 1307 1890 INTER
1351 1853 1590 1889 CHRISTIANOS
1633 1850 1767 1885 JUDAEIS

984 1916 1073 1941 SUNT
1108 1914 1259 1939 smiLEs.
1285 1921 1331 1926 —
1362 1898 1565 1936 Sciendum
1601 1899 1658 1932 est
1690 1895 1765 1939 hic,

984 1952 1084 1998 quod
1107 1949 1196 1986 mali
1216 1947 1335 1986 Judaei
1356 1949 1456 1991 sunt,
1474 1955 1551 1981 non
1570 1944 1693 1980 solum
1712 1942 1766 1978 illi

983 1999 1046 2046 qui
1086 1999 1222 2033 litterae
1261 1994 1370 2040 Legis
1410 1996 1447 2029 et
1485 1989 1764 2027 circumcisioni

984 2045 1108 2082 carnis
1138 2043 1354 2085 innitentes,
1372 2040 1560 2077 Christum
1593 2038 1768 2084 blasphe-

984 2096 1103 2137 mant,
1118 2092 1211 2127 sicut
1232 2090 1293 2126 isti
1312 2089 1358 2125 de
1374 2087 1511 2134 quibus
1526 2085 1586 2122 hic
1603 2085 1754 2129 dicitur;

985 2141 1050 2176 sed
1071 2140 1184 2176 etiam
1205 2147 1335 2174 omnes
1355 2134 1445 2171 mali
1467 2132 1684 2177 Christiani,
1701 2130 1765 2177 qui

985 2188 1064 2224 solo
1083 2187 1235 2223 nomine
1253 2181 1455 2221 Christiani
1474 2184 1574 2224 sunt,
1590 2185 1626 2216 et
1643 2179 1765 2215 solum

984 2245 1124 2271 nomen
1147 2234 1289 2269 habent
1310 2229 1461 2273 Christi,
1486 2239 1508 2263 a
1536 2239 1611 2273 quo
1633 2226 1763 2273 appel-

985 2283 1111 2318 lantur
1147 2279 1363 2316 Christiani,
1387 2275 1447 2322 qui
1484 2274 1610 2311 verbis
1646 2274 1763 2309 conti·

985 2332 1114 2365 tentur
1128 2327 1334 2368 Christum,
1348 2323 1456 2360 factis
1471 2327 1596 2358 autem
1610 2323 1763 2366 negant,

986 2378 1032 2413 de
1056 2376 1191 2422 quibus
1212 2373 1326 2410 etlam
1346 2371 1564 2407 verificatur
1585 2369 1687 2414 quod
1704 2367 1766 2402 hic

988 2423 1123 2459 dicitur
1144 2435 1151 2458 ε
1175 2421 1269 2465 Quia
1298 2419 1527 2455 sustulerunt
1547 2416 1703 2461 lapides,
1726 2417 1768 2449 ut

989 2471 1201 2516 lapidarent
1228 2465 1640 2509 ezcm,scilicet=Jesu1n.
1666 2461 1768 2498 Unde

988 2519 1040 2554 ait
1055 2517 1272 2552 Ambrosius
1291 2527 1300 2549 :
1325 2527 1344 2546 «
1364 2511 1470 2556 Quod
1491 2511 1661 2546 feceruut
1679 2512 1768 2544 tunc

988 2563 1107 2601 Judaei
1125 2564 1410 2610 persequentes,
1428 2560 1499 2594 hoc
1518 2567 1603 2592 vere
1628 2555 1768 2591 faciunt

989 2611 1102 2647 hodie
1124 2609 1213 2646 mali
1234 2606 1436 2644 Christiani
1461 2604 1556 2640 male
1578 2603 1765 2645 viventes3

990 2658 1178 2695 Christum
1205 2657 1304 2692 enim
1330 2654 1499 2700 lapidant
1520 2656 1556 2686 ct
1578 2649 1763 2685 occidunt.

990 2706 1085 2750 Quid
1121 2708 1174 2741 est
1212 2702 1411 2739 Christus?
1439 2698 1597 2740 Veritas,
1627 2707 1710 2742 pax,
1731 2699 1768 2731 et

987 2753 1145 2800 justitia.
1169 2751 1237 2795 Qui
1259 2761 1348 2795 ergo
1369 2759 1436 2795 pro
1456 2747 1615 2783 falsitate
1633 2743 1767 2779 verita-

991 2805 1068 2838 tem
1095 2799 1376 2846 derelinquunt,
1404 2794 1467 2842 qui
1490 2804 1558 2841 pro
1579 2791 1767 2828 discordIa
