1894 3186
135 194 199 230 160
629 187 775 222 PRIMAE
811 185 968 219 PARTIS
1007 183 1144 217 CAPUT
1182 182 1285 216 LXVI

139 266 207 307 dit,
232 267 268 298 et
289 260 476 307 patienter
499 260 593 294 ictus
620 257 790 300 sustinet,
820 266 913 300 quo-

136 321 254 356 usque
294 312 406 354 caput
444 305 613 342 totaliter
651 303 913 340 abscindatur.

140 360 296 396 Sanctus
323 365 411 400 ergo
436 354 583 390 Domini
605 353 833 393 Praecursor,
853 348 916 394 qui

139 408 225 442 ante
248 402 381 439 faciem
406 402 487 447 ejus
508 401 738 446 baptismum
759 397 796 433 in
817 406 916 441 aqua

140 451 434 499 praeparaverat,
462 448 685 492 baptizando
704 458 711 487 ;
735 449 771 480 et
792 444 915 488 bapti—

140 509 261 536 smum
298 497 337 533 in
374 495 547 541 lacrymis
585 490 882 539 compunctionis
906 517 914 535 ,

138 543 409 594 praedicando;
441 542 552 577 modo
576 542 763 587 praeparat
791 537 915 583 bapti-

141 603 262 631 smum
282 591 320 627 in
337 589 520 635 sangnine
541 587 737 633 passionis,
754 585 917 620 morien-

142 642 201 678 do.
240 641 333 675 Ecce
370 636 556 681 quomodo
589 634 691 670 vadit
736 635 914 675 Joannes,

142 688 287 724 amicus
313 684 467 720 intimus
485 681 633 718 Domini
653 682 755 723 Jesu,
773 683 809 714 et
831 688 918 714 con-

141 732 385 779 sanguineus,
405 741 447 766 ac
466 729 530 764 Dei
553 729 735 764 maximus
757 728 918 775 secreta-

144 782 243 824 rius;
277 784 314 815 et
335 777 494 823 qualiter
519 776 604 811 talis
641 778 673 808 et
700 776 823 807 tantus
846 781 917 813 vir,

142 829 351 874 imperante
374 822 553 867 nequitia,
573 831 615 855 ac
638 819 667 855 si
690 824 786 854 esset
814 817 917 852 vilis-

144 875 262 912 simus
282 871 512 912 malefactor,
540 865 726 903 occubuit.
758 865 785 901 O
810 863 920 908 impi-

143 921 244 959 etas!
269 920 296 954 O
318 916 536 953 crudelitas!
560 916 681 950 Justus
703 912 920 954 decollatur,

143 970 186 1005 fit
204 969 314 1011 caput
340 965 419 1009 ejus
451 962 612 1009 pretium
634 959 861 1002 saltationis,
883 958 920 993 in

143 1016 243 1052 disco
261 1012 428 1054 affertur,
450 1007 740 1045 convivantibus
758 1006 919 1051 apponi-

141 1066 226 1106 tur;
249 1068 427 1106 magnum
457 1056 609 1102 quidem
634 1054 834 1096 ferculum,
856 1054 919 1088 sed

142 1107 324 1146 horribile
357 1105 403 1141 ad
426 1103 651 1139 videndum!
676 1101 781 1137 Unde
810 1101 922 1143 Chry-

144 1160 319 1193 sostomus
347 1164 355 1187 :
379 1165 396 1185 «
418 1150 533 1187 Hodie
564 1159 647 1185 cum
673 1147 826 1184 Joannis
845 1147 922 1181 vir-

143 1206 215 1246 tus,
233 1205 268 1237 et
287 1198 443 1236 Herodis
461 1198 602 1239 feritas,
617 1195 724 1231 nobis
746 1196 921 1237 retertur,

147 1258 327 1287 concussa
348 1249 433 1282 sunt
451 1244 612 1287 viscera,
635 1243 746 1278 corda
767 1245 925 1276 tremue-

146 1300 263 1339 runt3
287 1292 462 1339 caligavit
479 1291 601 1335 visus;
626 1290 756 1325 hebuit
774 1287 924 1323 intelle-

149 1347 253 1387 ctus3
280 1340 425 1387 autugit
444 1338 594 1375 auditus
612 1349 620 1382 ς
642 1340 705 1373 aut
723 1335 810 1382 quid
833 1345 926 1371 con-

150 1394 222 1428 stat
262 1390 298 1424 in
340 1387 513 1423 sensibus
561 1383 748 1424 humanis,
777 1382 925 1428 quando

149 1439 331 1474 virtutum
354 1433 647 1479 magnitudinem
668 1429 788 1474 operit
807 1428 928 1463 crimi-

150 1495 242 1522 num
264 1481 494 1525 magnitude.
517 1480 677 1513 Joanncs
695 1476 787 1511 stola
808 1474 926 1509 virtu-

152 1537 245 1574 tum,
286 1526 543 1574 magisterium
584 1525 692 1566 vitai,
719 1520 927 1557 sanctitatis

151 1579 286 1621 forma,
329 1584 461 1611 norma
495 1571 667 1616 justitiae,
698 1568 927 1613 virginitatis

150 1625 355 1671 speculum,
379 1620 566 1667 pudicitia}
586 1618 728 1660 titulus,
747 1614 927 1651 castitatis

151 1673 376 1717 exemplum,
403 1666 637 1714 poenitentise
658 1666 731 1707 via,
754 1666 925 1709 peccato-

146 1730 231 1755 rum
254 1728 376 1760 venia,
401 1716 485 1751 [idei
518 1712 734 1759 disciplina:
762 1713 926 1746 „Ioannes

149 1768 270 1811 major
306 1764 473 1806 homine,
515 1771 582 1804 par
617 1759 782 1804 Angelis,
818 1756 927 1801 Legis

150 1824 310 1855 summa,
334 1808 521 1854 Evangelii
551 1807 709 1847 sanctio,
728 1807 926 1849 Apostolo-

150 1871 231 1896 rum
252 1870 332 1897 vox,
354 1855 543 1892 silentium
566 1854 853 1899 Prophetarum,
873 1851 929 1885 lu-

153 1917 267 1943 cerna
284 1904 424 1947 mundi,
437 1899 805 1947 pramursorJudicis,
820 1898 928 1933 Chri-

153 1955 199 1990 sti
220 1953 414 1994 mediator,
435 1950 538 1985 testis
558 1947 720 1989 Domini,
740 1946 928 1991 totiusque

156 2001 302 2037 medius
321 1996 536 2034 Trinitatis!
559 1997 603 2030 Et
624 1994 683 2029 hic
710 1996 834 2029 tantus
865 1995 928 2027 da-

155 2052 218 2084 tur
239 2044 408 2089 incestui,
430 2042 587 2079 traditur
607 2041 804 2084 adultnrae,
830 2039 931 2074 addi-

157 2095 252 2130 citur
271 2091 473 2129 saltatrici!
492 2089 622 2126 Merito
643 2099 732 2134 ergo
754 2097 932 2122 concussa

157 2145 244 2177 sunt
265 2140 419 2183 viscera,
443 2138 554 2173 corda
576 2138 825 2171 tremuerunt.
852 2148 863 2165 »
888 2135 930 2168 Et

158 2190 324 2224 iterum:
360 2200 377 2220 «
412 2188 508 2221 Deus
527 2187 653 2219 autem
675 2181 864 2224 sustinuit,
896 2184 933 2215 et

154 2237 296 2281 justum
319 2233 476 2278 amplius
497 2241 697 2273 coronans,
725 2232 760 2263 et
792 2228 848 2263 his
870 2227 932 2273 qui

159 2285 288 2327 postea
307 2282 441 2325 injuste
462 2280 672 2323 patiuntur,
696 2275 851 2311 multam
874 2277 934 2310 de-

155 2329 373 2373 relinquens
400 2325 689 2370 mitigationem.
728 2321 934 2358 Audiamus

156 2375 284 2422 igitur.
302 2373 524 2419 quicumque
542 2371 579 2406 in
594 2371 732 2405 virtute
755 2369 933 2412 viventes,

156 2415 933 2467 malapatimuraperniciosishominibus.

157 2471 256 2505 Deus
278 2467 376 2502 enim
401 2470 489 2501 tunc
512 2463 686 2500 sustinuit
709 2474 793 2499 eum
813 2464 876 2508 qui
900 2465 936 2497 in

158 2525 299 2558 eremo,
315 2524 398 2549 eum
418 2512 479 2558 qui
499 2511 537 2546 in
553 2522 645 2546 zona
667 2510 831 2555 pellicea,
850 2520 934 2544 eum

159 2562 223 2608 qui
251 2561 289 2596 in
316 2560 463 2596 cilicino
494 2558 726 2600 vestimento,
756 2567 839 2592 eum
874 2556 935 2600 qui

159 2610 349 2655 Propheta
365 2610 402 2643 et
419 2606 529 2642 etiam
549 2605 630 2650 plus
645 2614 755 2649 quam
775 2603 936 2648 Prophe-

163 2661 199 2692 ta
216 2659 307 2695 erat,
326 2665 411 2690 eum
431 2654 494 2698 qui
513 2651 656 2687 nullum
675 2651 853 2695 maJ'orcm
875 2652 937 2684 lia-

164 2704 290 2747 bebat,
310 2700 429 2737 occidi
451 2710 472 2735 a
487 2698 609 2745 puella
626 2697 887 2733 incontinente
900 2701 937 2732 et

165 2754 341 2794 corrupta
359 2745 573 2789 meretrice3
597 2750 632 2780 et
652 2745 722 2779 hoc
745 2743 846 2789 leges
867 2745 934 2779 de-

165 2798 380 2833 fendentem
400 2793 555 2831 divinas.
579 2793 666 2828 Haec
683 2790 811 2837 itaque
834 2790 935 2836 cogi-

990 256 1114 289 tantes
1130 252 1293 288 seramus
1307 250 1481 288 universa
1489 249 1647 285 viriliter
1662 259 1763 295 quae-

993 310 1151 344 cumque
1166 299 1343 345 patimur.
1369 298 1456 341 Quis
1478 296 1576 332 enim
1592 307 1667 331 non
1688 296 1762 332 uti-

993 358 1063 393 que
1089 347 1336 388 horresceret,
1359 355 1507 380 sacrum
1539 343 1631 379 illud
1653 347 1764 389 caput

993 395 1176 439 sanguine
1202 393 1358 433 stillans,
1382 391 1411 427 si
1438 392 1579 426 videret
1600 390 1637 425 in
1661 400 1765 426 coena

993 440 1232 486 praepositum
1246 441 1263 475 ἰ)
1284 439 1320 475 Si
1357 438 1455 475 enim
1484 449 1550 472 nos
1571 436 1764 473 audientes

992 490 1071 524 haec
1092 488 1355 530 horrescimus,
1384 485 1472 531 quid
1499 485 1653 530 dignum
1686 487 1765 519 erat

992 537 1114 571 visum
1134 534 1240 570 illurn
1256 537 1344 569 tunc
1363 531 1511 579 operari
1528 532 1545 567 ἱ)
1571 531 1661 573 Quid
1687 530 1763 576 pati

994 594 1071 625 eos,
1093 583 1154 628 qui
1179 581 1290 617 simul
1315 580 1598 621 recumbebant,
1620 577 1767 614 noviter

993 630 1105 666 occisi
1143 628 1273 673 capitis
1313 627 1535 672 sanguinem
1567 625 1764 661 stillantem

993 677 1161 712 videntes
1182 675 1220 710 in
1238 674 1361 710 medio
1383 673 1576 709 convivii?
1599 673 1668 708 Sed
1691 681 1767 707 non

994 723 1146 769 iniquus
1171 722 1349 765 Herodes,
1377 731 1500 766 neque
1535 717 1769 755 abominabi—

993 771 1065 805 lior
1085 781 1128 805 co
1152 768 1300 811 mulier,
1329 778 1452 813 neque
1482 765 1676 809 sanguinis
1701 776 1768 801 vo-

994 818 1110 853 ratrix
1132 816 1208 857 illa,
1229 825 1338 861 passa
1360 818 1415 850 est
1449 813 1592 858 aliquid
1616 813 1662 848 ob
1684 823 1766 858 spe-

996 864 1183 901 ctaculum
1202 862 1321 898 istud:
1348 878 1362 894 »
1386 863 1466 898 haec
1482 862 1768 905 Chrysostomus.

997 912 1102 947 Unde
1120 915 1156 946 et
1176 911 1369 953 Gregorius
1389 922 1398 943 :
1424 923 1436 940 «
1459 910 1538 944 Non
1559 909 1639 943 sine
1655 905 1770 943 admi-

997 959 1141 993 ratione
1152 957 1370 1002 gravissima
1388 955 1577 1001 perpendo
1598 953 1770 1000 quodille

999 1005 1209 1051 Prophetiae
1238 1002 1372 1049 spiritu
1398 1003 1497 1038 intra
1533 1001 1663 1037 matris
1693 1003 1770 1036 ute-

998 1063 1082 1088 rum
1118 1051 1296 1097 repletus,
1330 1060 1402 1094 quo
1430 1050 1527 1084 inter
1552 1052 1660 1084 natos
1686 1058 1771 1083 mu-

1000 1100 1134 1135 lierum
1161 1108 1271 1134 nemo
1294 1097 1416 1143 maj0r
1436 1095 1609 1139 surrexit,
1631 1096 1677 1131 ab
1700 1095 1769 1130 ini-

999 1146 1083 1192 quis
1127 1146 1162 1181 in
1198 1154 1385 1181 carcerem
1424 1143 1595 1187 mittitur,
1631 1146 1668 1177 et
1703 1153 1771 1188 pro

1000 1193 1131 1239 puellae
1154 1193 1250 1229 saltu
1275 1190 1395 1236 capite
1419 1194 1631 1233 truncatur,
1660 1193 1698 1225 et
1716 1190 1772 1224 vir

998 1244 1112 1276 tantae
1141 1238 1346 1276 sanctitatis
1384 1249 1450 1284 pro
1490 1237 1568 1273 risu
1606 1237 1769 1282 turpium

999 1287 1170 1323 moritur.
1195 1285 1472 1331 Numquidnam
1496 1284 1682 1320 credimus
1705 1283 1771 1319 ali-

1000 1334 1091 1379 quid
1113 1334 1224 1369 suisse
1243 1333 1280 1367 in
1304 1334 1384 1376 ejus
1404 1332 1491 1375 vita,
1516 1332 1616 1377 quod
1636 1330 1700 1366 illa
1721 1329 1772 1366 sic

1000 1382 1176 1425 despecta
1199 1389 1298 1414 mors
1319 1379 1511 1424 tergeret?
1531 1378 1602 1412 Sed
1624 1378 1772 1421 quando

1001 1427 1062 1463 ille
1080 1427 1137 1462 vel
1159 1426 1196 1461 in
1219 1425 1301 1461 cibo
1325 1425 1506 1470 peccavit,
1526 1423 1589 1469 qui
1610 1424 1773 1460 locustas

1001 1473 1234 1509 solummodo
1275 1476 1312 1507 et
1348 1472 1419 1507 mel
1458 1471 1626 1506 silvestre
1663 1471 1773 1506 edit?

1003 1521 1160 1564 Quando
1189 1518 1473 1555 conversatione
1493 1529 1557 1553 sua
1584 1517 1773 1553 offendere

1004 1569 1136 1612 potuit,
1166 1566 1227 1612 qui
1263 1568 1306 1601 ile
1335 1576 1460 1601 eremo
1493 1575 1568 1600 non
1593 1564 1773 1602 recessit?

1003 1615 1097 1658 Quid
1125 1618 1180 1650 est
1206 1613 1305 1659 quod
1339 1611 1577 1658 omnipotens
1605 1613 1700 1647 Deus
1722 1612 1775 1647 sic

1002 1663 1244 1698 veliementer
1276 1660 1314 1695 in
1348 1662 1418 1695 hoc
1453 1659 1576 1695 seculo
1602 1658 1773 1704 despicit,

1003 1721 1023 1755 q
1032 1721 1093 1745 uos
1106 1711 1158 1744 sic
1173 1707 1384 1743 sublimiter
1398 1710 1485 1742 ante
1497 1706 1622 1741 secula
1638 1707 1774 1753 clegit‘?

1003 1756 1073 1792 nisi
1097 1756 1195 1801 quod
1215 1754 1344 1801 pietati
1364 1754 1532 1789 fidelium
1546 1757 1660 1798 patet,
1683 1763 1774 1798 quo-

1002 1803 1103 1839 niam
1125 1801 1262 1838 idcirco
1285 1802 1336 1836 sic
1378 1811 1442 1835 eos
1462 1800 1598 1845 premit
1620 1800 1657 1835 in
1688 1800 1774 1835 inti-

1004 1852 1085 1895 mis,
1107 1849 1195 1895 quia
1220 1848 1320 1884 vidct
1345 1848 1530 1893 quomodo
1561 1850 1777 1883 remuneret

1004 1899 1041 1933 in
1064 1895 1244 1939 summis3
1268 1898 1303 1930 et
1324 1895 1423 1930 foras
1443 1905 1560 1939 usque
1582 1896 1627 1929 ad
1648 1896 1776 1939 despe-

1005 1949 1103 1980 ctum
1125 1943 1268 1988 dejicit,
1283 1941 1369 1988 quia
1388 1941 1488 1977 intus
1504 1941 1551 1977 ad
1567 1942 1775 1987 incompre-

1006 1990 1201 2027 hensibilia
1226 1990 1406 2034 perducit.
1429 1991 1521 2024 Hinc
1547 1998 1636 2033 ergo
1658 1999 1775 2024 unus-

1005 2040 1162 2085 quisque
1176 2037 1326 2081 colligat
1344 2036 1432 2080 quid
1452 2035 1526 2071 illic
1544 2035 1689 2080 passuri
1705 2036 1778 2071 sint

1007 2097 1099 2131 quos
1119 2085 1308 2130 reprobat„
1333 2083 1362 2118 si
1382 2083 1433 2118 sic
1455 2084 1595 2118 cruciat
1614 2083 1673 2118 hic
1685 2093 1778 2127 quos

1006 2136 1105 2169 amat
1132 2144 1140 2166 ι
1168 2146 1184 2163 »
1215 2132 1293 2166 llaec
1312 2131 1517 2174 Gregorius.

1056 2184 1073 2214 5
1092 2180 1266 2221 Qrtmono
1302 2189 1441 2212 McanYn
1470 2178 1613 2212 Cmnsm
1638 2188 1775 2213 FUERIT.

1007 2248 1052 2252 -
1073 2228 1241 2261 Mortuus
1271 2228 1326 2260 est
1353 2224 1468 2269 igitur
1509 2226 1672 2260 Joannes
1709 2234 1776 2269 pro

1009 2273 1169 2315 Christo,
1183 2272 1270 2317 quia
1286 2282 1352 2317 pro
1373 2271 1542 2306 veritate.
1558 2271 1661 2306 Unde
1680 2271 1777 2306 idem

1009 2322 1200 2364 Gregorius
1236 2331 1244 2353 ε
1273 2334 1285 2350 α
1325 2320 1450 2363 Neque
1476 2318 1576 2353 enim
1613 2318 1780 2364 Baptista

1008 2369 1170 2403 ,loannes
1199 2366 1244 2401 de
1272 2365 1507 2401 consessione
1542 2364 1690 2408 Christi,
1714 2364 1778 2400 sed

1009 2415 1055 2450 de
1081 2412 1236 2460 justitiae
1260 2412 1417 2448 veritate
1447 2412 1647 2457 requisitus
1668 2422 1778 2447 occu-

1008 2460 1100 2497 buit.
1125 2460 1209 2504 Sed,
1237 2459 1324 2504 quia
1351 2459 1519 2495 Christus
1546 2462 1601 2494 est
1624 2459 1776 2501 veritas,

1009 2508 1147 2543 idcirco
1168 2517 1284 2551 usque
1299 2507 1345 2542 ad
1360 2510 1518 2542 mortem
1536 2517 1603 2552 pro
1615 2505 1775 2548 Christo,

1010 2554 1097 2600 quia
1127 2553 1267 2589 scilicet
1291 2564 1358 2599 pro
1391 2553 1562 2597 veritate,
1591 2552 1774 2598 pervenit.

1010 2604 1059 2637 Ex
1078 2612 1149 2647 quo
1179 2602 1279 2646 patet
1319 2600 1417 2645 quod
1443 2611 1518 2635 non
1553 2600 1672 2635 solum
1708 2609 1775 2644 pro

1010 2649 1098 2692 fide,
1119 2648 1183 2683 sed
1200 2646 1314 2682 etiam
1334 2657 1401 2692 pro
1432 2646 1587 2682 veritate
1620 2645 1775 2691 Justitiae

1010 2697 1152 2740 martyr
1185 2693 1267 2739 quis
1306 2693 1479 2730 efficitur.
1502 2708 1519 2725 »
1559 2693 1662 2728 Unde
1689 2691 1776 2727 dicit

1010 2743 1254 2786 Auqustimzs,
1275 2740 1388 2786 quod,
1409 2751 1491 2776 cum
1512 2751 1614 2776 mors
1634 2750 1702 2785 pro
1714 2749 1776 2774 ve-

1010 2789 1120 2826 ritate
1156 2787 1311 2835 Justitiae
1347 2787 1559 2834 suscipitur,
1593 2788 1776 2832 martyres
