1894 3186
294 193 343 225 DE
385 188 604 224 TRANSITU
642 186 802 219 DOMINI
840 184 890 218 ET
932 181 1273 216 DISCIPULORUM
1314 183 1395 215 PER
1433 183 1558 215 SATA.
1699 180 1755 215 199

112 264 212 311 gulae
230 261 416 299 voracitas
437 269 520 296 cum
540 257 639 304 turpi
668 255 895 293 ventositate

113 315 150 349 et
172 309 376 347 insatiabili
402 306 569 354 appetitu
601 305 769 341 totaliter
788 313 896 339 ener-

115 362 235 395 vatur.
254 361 409 402 Insuper
418 359 455 391 et
468 353 677 391 bestialitas
691 352 895 387 multorum

118 405 316 443 hominum
347 403 405 439 hic
439 399 697 444 confunditur,
717 400 819 444 quia,
857 400 897 433 ut

116 452 206 490 dicit
225 453 469 497 Augustinus
487 452 664 495 appetere
686 447 896 491 voluptates

115 501 297 546 corporis,
337 501 372 534 ct
406 498 486 544 ejus
530 496 649 531 vitare
685 492 894 536 molestias,

114 547 244 584 ferinae
274 546 360 581 vitae
392 546 488 581 actio
515 547 585 580 est.
618 542 748 587 Igitur,
772 544 811 576 ut
844 541 897 575 ait

114 595 335 635 Bernartius,
357 592 557 628 ridiculum
577 593 634 626 est
654 591 809 625 Sanctos
830 588 897 622 ho-

114 651 250 678 norare
265 640 460 685 conviviis,
477 638 542 686 qui
562 640 639 677 Deo
658 634 896 673 abstinentiis

115 688 356 735 placuerunt.

164 739 184 771 6
207 737 328 771 BEATA
348 746 463 770 PRIMAE
474 745 603 770 AE'rims
624 742 839 767 SIMPLICITAS
860 741 897 765 m

119 793 223 819 view
244 793 516 818 comiENDATun.
533 803 570 807 —
585 780 650 816 Hic
665 778 897 815 etiami-eno—

117 832 203 866 vata
220 830 369 866 videtur
388 829 520 876 primae
542 827 664 864 aetatis
683 827 793 862 beata
813 824 918 860 sim-.

118 877 279 923 plicitas,
299 877 337 912 in
358 887 431 922 qua
446 875 618 912 homines
639 873 822 910 fructibus
842 882 900 907 ar—

119 925 268 969 borum,
300 935 342 960 ac
370 923 498 960 herbis
533 926 568 959 et
605 932 704 968 aqua
733 917 899 956 contenti

118 970 308 1008 vivebant.
338 971 443 1007 Unde
461 972 607 1007 Boetius
626 982 637 1006 .-

162 1045 267 1080 Felc'oe
287 1045 440 1079 nimium
460 1045 563 1088 prior
588 1045 691 1086 fetas,

166 1092 338 1129 Contenta
359 1092 526 1135 fidelibus
547 1091 661 1129 (treis,

163 1141 236 1176 Nec
258 1141 369 1173 inerti
385 1139 533 1183 'perdita
563 1139 654 1172 Zuoeu
672 1137 686 1170 J

163 1187 281 1221 Facili
300 1197 379 1230 qnae
395 1196 475 1220 sera
493 1185 630 1219 solebat

165 1233 314 1277 Jejnnz'a
331 1234 467 1267 soluere
482 1232 616 1275 (stende
634 1243 644 1273 ,-

163 1280 314 1316 Somnos
338 1280 450 1314 dabat
467 1279 576 1314 herba
596 1277 787 1319 salubres;

162 1328 293 1363 Potum
314 1337 455 1371 quoque
482 1326 641 1361 lubricus
662 1325 809 1370 amnis5

170 1375 323 1410 Umbras
343 1375 527 1409 altissima
540 1375 665 1419 pinus.

167 1423 315 1458 Utinam
338 1422 441 1456 modo
462 1425 588 1456 nostra
614 1420 778 1454 redirent

162 1470 205 1504 In
225 1479 339 1503 mores
359 1472 520 1513 tempora
546 1469 683 1513 priseos
700 1469 711 1502 J

162 1516 234 1552 Sed
261 1518 389 1551 saernz'or
407 1516 554 1559 ignibus
575 1518 691 1555 Etnoe,

163 1564 317 1598 Feruens
338 1574 439 1598 amor
459 1563 563 1598 ardet
581 1561 764 1597 habendi:

123 1633 203 1670 haec
236 1635 394 1668 Boetius.
425 1633 529 1669 Unde
560 1635 596 1668 ct
628 1634 900 1676 Hieronymus:

124 1693 142 1715 «
166 1680 308 1717 Videtis
330 1682 425 1716 Deus
443 1680 541 1726 quod
562 1680 764 1725 diligenter
784 1688 900 1724 appo-

123 1727 236 1764 situm
257 1731 356 1763 esset
382 1728 429 1763 ad
451 1727 633 1763 malitiam
655 1738 718 1762 cor
738 1725 901 1762 hominis

121 1775 168 1828 ab
198 1775 464 1819 adolescentia,
487 1778 523 1810 et
557 1774 712 1820 spiritus
746 1773 829 1818 ejus
861 1773 901 1808 in

120 1823 179 1858 his
193 1833 418 1868 permanere
440 1833 516 1857 non
532 1824 672 1868 posset,
688 1820 775 1867 quia
795 1822 903 1855 erant

121 1879 234 1921 caro3
271 1880 386 1914 opera
413 1869 535 1905 carnis
562 1868 701 1904 diluvio
725 1868 901 1903 condem-

121 1920 240 1960 navit,
263 1920 298 1951 et
327 1916 583 1952 avidissimam
614 1916 809 1951 hominum
839 1925 903 1960 gu-

119 1963 195 2000 lam
212 1964 390 2009 probans,
414 1964 517 1999 dedit
546 1963 600 1998 cis
623 1962 813 1998 licentiam
840 1973 902 1997 co-

119 2010 392 2047 medendarum
439 2009 621 2047 carnium.
649 2012 758 2045 Essum
802 2008 904 2045 enim

122 2057 294 2094 carnium
325 2068 442 2103 usque
471 2058 518 2093 ad
545 2057 725 2093 diluvium
753 2056 903 2102 ignora-

122 2107 202 2141 tum
232 2105 345 2141 tuisse
377 2105 497 2148 scias3
522 2108 607 2151 post
638 2104 819 2140 diluvium
843 2114 905 2138 au-

119 2153 211 2197 tem,
234 2152 339 2198 quasi
360 2152 400 2187 in
418 2163 544 2188 eremo
565 2151 814 2187 murmuranti
837 2162 904 2197 po-

125 2199 214 2246 pulo
242 2200 469 2244 coturnices,
491 2199 543 2235 ita
561 2199 737 2235 dentibus
765 2197 905 2234 nostris

125 2257 264 2299 nervos
282 2250 319 2283 et
339 2246 545 2283 virulentas
568 2257 701 2282 carnes
721 2246 903 2292 ingestas

125 2294 263 2347 Vinum
293 2293 394 2329 enim
426 2305 511 2330 cum
543 2294 720 2330 carnibus
744 2297 827 2339 post
854 2292 907 2328 di-

126 2340 270 2377 luvium
303 2341 515 2377 dedicatum
536 2345 606 2377 est.
627 2355 645 2373 ))
668 2342 771 2377 Unde
791 2341 906 2376 etiam

125 2389 254 2440 Petrus
284 2390 484 2424 Daminnus
502 2402 512 2425 :
534 2403 552 2422 «
575 2390 664 2425 Post
690 2388 817 2424 mundi
838 2398 904 2422 na-

129 2438 270 2471 scentis
302 2436 511 2481 exordium,
532 2447 601 2482 per
629 2436 730 2472 mille
753 2436 830 2471 fere
851 2438 906 2470 at-

126 2491 200 2535 qne
220 2488 411 2534 sexcentos
432 2494 550 2519 annos
571 2485 776 2519 humanum
792 2492 909 2528 genus

131 2539 213 2566 sine
230 2540 306 2565 vim
326 2530 458 2575 poculo
473 2536 509 2566 et
523 2541 588 2566 esu
607 2530 778 2566 carnium
799 2529 906 2571 vixit3

133 2587 210 2630 nec·
235 2580 364 2612 tamen
405 2577 590 2624 quispiam
630 2588 777 2621 eorum,
818 2586 912 2622 quos

132 2624 328 2677 Scriptura
340 2628 622 2669 commemorat,
633 2625 814 2670 languore
828 2634 912 2659 con-

133 2671 254 2707 tabult
276 2683 285 2707 ι
305 2685 323 2704 »
351 2673 432 2708 haec
451 2674 580 2708 Petrus
599 2675 814 2708 Damianus.

184 2733 204 2764 7
225 2720 427 2755 Monnonmi
444 2732 552 2756 omno
567 2732 611 2755 nx
629 2731 781 2756 6113011611
793 2729 914 2754 vanin-

135 2775 238 2802 TATE.
263 2786 308 2791 -
325 2768 428 2802 Tunc
459 2778 548 2814 ergo
583 2767 738 2814 simplex
767 2769 846 2802 erat
867 2764 915 2800 ci-

138 2811 222 2856 bus,
242 2815 278 2848 et
297 2815 449 2850 morbus
466 2814 705 2860 rarissimus;
728 2824 826 2850 nunc
852 2824 917 2849 au-

975 256 1049 288 tem
1075 251 1307 288 contrarium
1332 252 1516 288 ,videmus
1558 252 1662 288 Unde
1687 252 1754 288 Se-

972 311 1059 336 neca
1101 311 1110 335 :
1151 315 1170 333 «
1207 301 1397 335 Immunes
1433 302 1542 336 erant
1585 300 1632 335 ab
1670 298 1754 335 istis

973 347 1096 392 malis,
1123 346 1185 392 qui
1212 347 1379 383 nondum
1405 359 1443 383 sc
1470 347 1614 383 deliciis
1636 347 1756 382 solve-

973 398 1072 431 rant.
1099 395 1235 431 Multos
1269 396 1420 430 morbos
1456 395 1574 430 multa
1611 394 1756 430 serrula

973 444 1170 486 fecerunt,
1193 442 1394 487 variusque
1421 453 1462 477 ex
1485 441 1647 477 discordi
1675 441 1755 478 cib-

973 491 1127 526 morbus
1149 492 1218 526 est.
1244 489 1543 525 Innumerabiles
1558 500 1641 524 esse
1657 498 1756 524 mor-

972 539 1041 575 bos
1070 548 1147 573 non
1181 536 1394 580 miraberis,
1417 547 1557 581 coquos
1582 546 1754 572 numera.

973 588 1023 622 Ex
1042 585 1123 621 istis
1144 596 1218 620 non
1235 583 1447 629 singulares
1462 583 1581 619 morbi
1600 593 1758 618 nascun-

960 636 1051 678 'tur3
1077 634 1143 669 sed
1166 631 1460 677 inexplicabiles,
1483 630 1636 673 diversi,
1659 629 1757 665 mul-

972 681 1157 717 tiformes.
1199 693 1217 714 »
1253 680 1356 715 Unde
1383 682 1419 714 et
1458 679 1756 721 Chrysostomus:

975 742 993 762 «
1015 730 1195 774 Voluptas
1216 730 1253 763 et
1288 726 1473 772 ingluvies
1495 724 1668 761 sanitatis
1689 734 1758 759 no-

975 779 1062 812 strae
1101 775 1344 812 stabilitatem
1384 783 1535 809 omnem
1568 770 1759 807 subtrahit

976 824 1097 860 facile.
1126 824 1171 859 Et
1201 822 1231 858 si
1267 821 1380 857 iveris
1411 821 1458 857 ad
1494 818 1761 855 medicinalem

975 871 1114 915 locum,
1153 873 1189 906 et
1230 870 1412 906 accedens
1447 865 1758 912 interrogaveris,

977 929 1108 954 ornnes
1140 918 1218 954 fere
1254 915 1520 962 {egritudinum
1551 923 1697 957 causas,
1721 911 1764 947 il-

976 966 1052 1001 linc
1086 965 1256 1001 invenies
1292 963 1506 1000 existentes.
1541 963 1634 997 Nam
1676 959 1760 995 vilis

976 1013 1129 1059 quidem
1150 1016 1187 1048 et
1204 1022 1320 1058 parva
1340 1021 1469 1046 mensa
1487 1007 1661 1045 sanitatis
1679 1017 1762 1043 ma-

976 1064 1035 1096 ter
1055 1063 1132 1103 est;
1155 1063 1357 1105 propterea
1387 1060 1423 1093 ct
1450 1055 1583 1092 medici
1606 1057 1657 1090 ita
1678 1064 1762 1090 eam

978 1111 1173 1150 vocarunt,
1199 1118 1275 1141 non
1308 1104 1469 1141 saturari
1488 1104 1640 1139 demum
1662 1101 1763 1137 sani-

975 1158 1093 1190 tatem
1113 1157 1290 1189 vocantes
1314 1164 1322 1188 :
1339 1151 1535 1187 insatietas
1555 1149 1655 1185 enim
1673 1148 1763 1193 cibi,

978 1201 1119 1237 sanitas
1141 1204 1210 1243 est,
1232 1199 1446 1244 indigenter
1464 1196 1583 1233 cibari
1602 1200 1764 1231 matrem

977 1248 1150 1284 sanitatis
1172 1247 1355 1283 dicentes.
1383 1246 1419 1282 Si
1440 1256 1529 1280 vero
1554 1242 1764 1289 indigentia

979 1299 1034 1331 est
1056 1299 1177 1331 mater
1199 1293 1394 1337 sanitatis3
1432 1291 1674 1328 manifestum
1707 1292 1766 1325 est

978 1343 1160 1389 quoniam
1187 1341 1382 1388 plenitudo
1405 1343 1526 1375 mater
1552 1341 1610 1374 est
1640 1335 1764 1373 morbi

978 1394 1014 1426 et
1035 1389 1286 1436 aegritudinis,
1313 1392 1350 1424 et
1370 1390 1528 1434 generat
1554 1385 1762 1432 passiones,

978 1441 1014 1474 et
1028 1438 1195 1484 ipsorum
1213 1435 1515 1482 snperexcedens
1530 1433 1764 1468 medicorum

978 1489 1112 1521 artem.
1139 1484 1287 1520 Etenim
1304 1483 1444 1529 pedum
1461 1481 1625 1524 dolores,
1648 1483 1685 1515 et
1705 1489 1765 1515 ca-

977 1532 1064 1578 pitis
1083 1531 1341 1577 gravedinem,
1361 1532 1397 1565 et
1416 1527 1612 1573 caligines,
1633 1530 1669 1562 et
1688 1536 1764 1562 ma-

978 1590 1096 1615 nuum
1118 1579 1281 1622 dolores,
1301 1581 1338 1613 et
1356 1582 1557 1618 tremores,
1578 1578 1613 1609 et
1641 1573 1763 1609 disso-

978 1626 1141 1662 lutiones
1178 1626 1457 1667 membrorum,
1499 1625 1535 1657 et
1576 1620 1762 1666 icteritiae,

979 1675 1103 1710 febres
1123 1674 1244 1719 longae
1259 1675 1295 1708 et
1317 1673 1515 1714 flammese,
1536 1672 1572 1705 et
1586 1668 1645 1703 his
1666 1668 1763 1703 mul-

978 1724 1017 1757 to
1052 1720 1250 1766 ampliora,
1281 1730 1356 1754 non
1391 1729 1433 1753 ex
1460 1715 1696 1763 parcimonia
1728 1717 1765 1750 et

978 1768 1240 1815 philosophica
1259 1766 1372 1801 diaeta
1389 1766 1475 1808 ,sed
1494 1775 1537 1799 cx
1554 1761 1765 1799 abundanti

980 1815 1213 1851 comestione
1237 1818 1273 1850 et
1301 1811 1552 1859 plenitudine,
1588 1807 1764 1855 generari

979 1867 1067 1909 apta
1085 1866 1174 1898 nata
1195 1864 1293 1897 sunt.
1319 1861 1356 1896 Si
1383 1870 1469 1895 vero
1490 1858 1544 1893 vis
1567 1862 1601 1893 et
1624 1856 1763 1892 animae

980 1910 1225 1957 aegritudines
1242 1909 1380 1951 videre,
1396 1917 1479 1952 quse
1494 1907 1579 1941 111116
1597 1914 1765 1939 nascun-

978 1962 1052 2002 tur,
1072 1957 1234 2003 aspicias
1258 1955 1437 2001 quoniam
1461 1953 1643 1995 avaritiae,
1662 1952 1765 1987 luxu-

978 2005 1060 2049 riae,
1096 2002 1371 2046 melancholiae,
1400 2000 1570 2043 desidiae,
1601 1997 1764 2034 inconti-

980 2051 1131 2095 nentiae,
1161 2050 1323 2093 inscitia,
1349 2059 1481 2084 omnes
1508 2047 1595 2082 111116
1627 2046 1766 2081 babent

979 2099 1220 2145 principium.
1244 2099 1332 2140 Quae
1348 2096 1475 2131 omnia
1495 2094 1764 2139 excogitantes,

979 2146 1169 2192 fugiamus
1185 2145 1453 2181 etebrietatem
1470 2146 1505 2178 et
1517 2142 1763 2186 voluptatem3

981 2205 1057 2229 non
1075 2204 1159 2230 eam
1183 2195 1330 2228 tantum
1355 2202 1438 2237 quie
1460 2190 1499 2225 in
1523 2187 1666 2224 mensis
1687 2189 1763 2230 est;

982 2242 1047 2277 sed
1069 2244 1105 2277 et
1126 2240 1239 2276 aliam
1261 2249 1411 2274 omnem
1435 2248 1520 2284 quae
1553 2239 1610 2272 est
1639 2235 1677 2270 in
1704 2245 1765 2270 re-

980 2290 1051 2325 bus
1089 2286 1316 2329 mundanis;
1343 2290 1379 2321 et
1404 2296 1472 2331 pro
1504 2294 1549 2320 ea
1579 2284 1767 2329 permute-

982 2347 1067 2371 mus
1090 2345 1173 2371 eam
1195 2345 1278 2380 quae
1299 2344 1321 2369 a
1341 2331 1600 2379 spiritualibus
1621 2333 1678 2366 est
1697 2340 1765 2364 vo-

982 2384 1191 2429 luptatem;
1221 2385 1257 2417 et
1287 2380 1492 2416 secundum
1515 2379 1766 2423 Prophetamg

981 2432 1223 2476 voluptemur
1250 2428 1289 2463 in
1325 2427 1498 2471 Domino,
1521 2426 1561 2461 in
1594 2426 1652 2460 1115
1683 2434 1767 2469 quae

983 2478 1043 2513 hic
1064 2479 1164 2521 sunt,
1183 2479 1220 2512 et
1241 2475 1378 2511 futuris
1394 2474 1583 2521 potiamur
1604 2471 1727 2508 bonis:
1745 2484 1764 2503 »

982 2527 1064 2562 brec
1094 2526 1383 2569 Chrysostomus.
1421 2522 1641 2566 Voluptates
1677 2528 1767 2563 ergo

984 2571 1156 2619 corporis
1183 2571 1409 2617 spernendae
1427 2571 1528 2611 sunt,
1552 2567 1641 2613 quia
1661 2566 1767 2601 dolo-

985 2632 1046 2658 res
1080 2619 1290 2666 ingerendo
1324 2619 1475 2654 nocent.
1511 2615 1618 2651 Unde
1651 2615 1768 2648 Hora-

987 2672 1089 2706 tius:

1037 2742 1175 2788 Sperne
1200 2739 1421 2785 voluptates,
1443 2736 1544 2770 nocet
1569 2733 1688 2776 empta
1707 2728 1772 2765 clo-

1478 2782 1565 2827 [lore
1590 2779 1773 2824 voluptas.
