1894 3186
224 207 274 240 DE
313 206 516 246 QUATUOR
554 206 607 239 AD
645 206 826 247 TITRBAS,
866 208 915 240 ΕΤ
952 207 1110 241 TRIBUS
1149 208 1202 242 Al]
1242 208 1402 243 DISCIP.
1444 211 1603 244 PARAB.

108 289 301 314 HAERESEON
332 287 608 313 SURRECTIONEM.
635 296 679 302 ·—
701 278 741 313 1ss
774 277 886 314 tertia
916 282 917 287 ¹

108 326 301 371 parabola,
325 335 407 371 quae
435 328 490 360 est
515 324 560 359 de
585 334 703 370 grano
729 325 882 370 sinapis,
915 352 916 359 ,

915 328 917 348 l

108 373 334 409 describitur
369 372 541 408 Ecclesiae
568 374 684 407 status
723 383 884 418 sequens
915 390 916 395 =

106 419 324 456 immediate
359 423 439 465 post
467 419 738 454 surrectionem
760 420 882 456 haere-

104 517 159 550 tes
178 513 370 551 suscitavit
387 514 567 549 Dominus
580 514 616 548 in
639 514 800 550 Ecclesia
816 516 885 550 (lo-

104 566 226 598 ctores
240 565 387 598 sanctos
404 562 600 604 litteratos,
627 565 666 596 ut
684 572 749 606 per
768 563 883 597 ratio-

102 620 189 645 nem
202 614 238 645 et
249 619 393 645 sacram
406 609 635 654 scripturam
647 608 885 645 confutarent

106 704 215 740 miles
234 708 270 740 et
294 704 445 750 abJ'ecti,
463 706 591 739 tamen
612 704 737 739 divina
757 704 883 749 dispo-

107 752 243 788 sitione
262 751 411 787 suerunt
433 754 562 796 postea
580 751 744 788 exaltati.
760 751 886 787 Tertia

110 809 200 845 ergo
223 798 403 844 parabola
428 801 483 834 est
512 798 556 833 de
577 799 802 834 exaltatione
821 800 884 834 Ec-

107 846 243 890 clesiae,
279 850 390 891 atque
420 845 698 891 praedicationis
727 846 813 881 fidei
849 850 885 882 et

107 893 314 940 Evangelii,
329 894 366 928 in
384 903 457 939 qua
472 897 709 938 comparatur
727 904 885 939 regnum

109 941 289 977 coelorum
325 951 442 987 grano
481 939 634 986 sinapis.
671 942 799 978 Simile
835 944 886 977 est

109 990 204 1024 em‘m
229 999 380 1033 reqnum
406 989 585 1028 coelomcm,
611 988 646 1023 id
670 993 726 1024 est
748 989 886 1033 praedi-

107 1036 204 1071 catio
227 1036 432 1081 Evangelii,
450 1046 533 1081 quae
551 1035 687 1071 dicitur
701 1047 859 1083 regnum
876 1047 884 1071 :

107 1082 195 1129 quia
210 1084 320 1119 docet
330 1093 464 1130 regere
482 1093 648 1128 manum,
665 1084 769 1130 cujus
788 1084 885 1119 cives

106 1135 193 1166 sunt
230 1142 367 1176 opera;
407 1141 538 1176 regere
565 1142 619 1175 os,
657 1132 761 1176 cujus
789 1131 886 1166 cives

105 1181 193 1214 sunt
217 1179 358 1222 verba3
379 1187 517 1224 ‘regere
545 1188 621 1221 cor,
651 1179 753 1225 cujus
789 1177 887 1214 cives

107 1229 196 1261 sunt
215 1226 462 1272 cogitationes
480 1229 517 1260 et
537 1225 736 1261 desideria.
758 1227 887 1262 Simile

108 1275 161 1308 est
193 1283 307 1317 ,tyrano
346 1274 503 1318 sinapis,
541 1273 603 1318 qui
642 1272 810 1308 calefacit
849 1273 887 1308 in

108 1330 252 1365 amore,
272 1330 459 1356 venenum
480 1320 642 1366 expellit,
660 1320 694 1355 iil
712 1324 768 1356 est
787 1331 888 1355 erro-

108 1378 203 1411 rem,
227 1372 336 1414 caput
370 1371 518 1414 purgat,
540 1367 577 1403 id
609 1371 666 1403 est
691 1372 855 1403 mentem
876 1379 884 1412 ;

112 1415 209 1460 quod
230 1417 410 1461 accipiens
425 1416 540 1457 homo,
557 1414 699 1450 scilicet
721 1416 888 1451 Christus

110 1473 132 1498 a
148 1464 271 1506 Patre,
293 1464 500 1504 seminavit,
523 1465 559 1498 et
592 1472 658 1507 per
683 1473 722 1497 se
758 1466 794 1498 et
822 1473 888 1508 per

111 1509 310 1555 discipulos
328 1521 428 1554 suos,
449 1512 488 1545 in
508 1521 596 1554 aqro
620 1520 697 1550 suo,
713 1509 750 1545 id
775 1515 832 1545 est
852 1511 889 1545 in

111 1558 274 1602 mundo;
299 1559 395 1602 quod
426 1559 617 1592 minimum
652 1560 704 1592 est
724 1558 889 1592 omnibus

111 1605 322 1645 seminibus,
347 1605 382 1640 id
404 1609 457 1640 est
475 1605 648 1640 omnibus
666 1604 887 1650 disciplinis,

111 1652 167 1686 vel
191 1653 279 1697 quia
296 1653 354 1687 vix
376 1653 408 1687 ei
436 1652 473 1687 in
502 1651 686 1697 principio
708 1653 887 1696 creditur,

110 1699 166 1734 vel
192 1701 279 1745 quia
300 1700 408 1735 docet
428 1710 511 1745 quae
538 1700 574 1734 in
611 1699 750 1734 mundo
777 1698 890 1734 mini-

110 1757 171 1783 ma
183 1752 218 1782 et
232 1746 319 1782 vilia
334 1746 636 1792 reputantur,vel
647 1747 734 1791 quia
748 1747 890 1790 ampul-

110 1795 249 1830 lositati
266 1795 466 1829 verborum
494 1805 569 1829 non
593 1794 773 1829 innuitur.
804 1795 889 1830 Cum

109 1845 231 1877 autem
275 1843 439 1885 creverit,
478 1852 544 1886 per
580 1841 889 1885 divulgationem,

109 1890 232 1934 majus
271 1892 322 1924 est
361 1889 525 1924 omnibus
562 1889 732 1929 oleribus,
772 1889 808 1923 id
834 1893 890 1924 cst

110 1937 274 1972 scientiis
296 1936 467 1983 physicis,
487 1936 734 1980 naturalibus,
751 1940 787 1971 et
806 1946 890 1980 poe-

111 1983 208 2025 tieis,
238 1994 320 2029 quae
352 1984 527 2019 dicuntur
554 1983 669 2027 olera,
695 1984 782 2028 quia
817 1984 889 2018 cito

113 2031 291 2066 decidunt
312 2046 319 2067 :
346 2042 413 2066 nec
431 2031 592 2066 fructum
608 2034 806 2074 aeternum‚
825 2030 889 2065 sed

113 2079 359 2123 temporalem
373 2078 514 2113 habent
531 2089 539 2122 ;
563 2081 595 2113 et
611 2080 651 2122 fit
671 2077 790 2118 arbor,
815 2078 889 2112 alta

114 2136 180 2171 per
220 2126 297 2171 ejus
340 2125 663 2168 sublimationem,
697 2124 889 2160 fructifera

113 2183 180 2218 per
207 2174 285 2218 eJus
325 2173 538 2214 utilitatem,
576 2174 628 2208 ita
650 2175 690 2207 ut
728 2173 889 2207 volueres

114 2222 205 2265 coelz',
227 2220 263 2255 id
284 2224 338 2255 est
357 2221 493 2256 animae
515 2219 750 2256 credentium
779 2220 889 2255 coelos

114 2267 388 2312 affectantium,
415 2270 577 2312 veniant,
613 2278 678 2312 per
709 2268 835 2309 tidem,
858 2270 891 2302 et

113 2315 289 2359 habitent,
314 2326 379 2360 per
396 2325 578 2358 amorem,
602 2316 641 2350 in
660 2316 774 2349 ramis
796 2315 888 2359 ejus,

112 2362 149 2397 id
177 2367 232 2397 est
258 2363 297 2397 in
330 2362 587 2409 dogmatibus;
616 2362 687 2406 vel,
715 2364 889 2406 volucres,

112 2409 149 2444 id
165 2413 223 2445 est
247 2410 526 2454 praedicatores,
546 2410 609 2456 qui
624 2414 661 2444 ut
686 2410 803 2444 nubes
825 2421 892 2443 vo-

112 2457 204 2496 lant,
233 2459 392 2499 veniant,
426 2457 623 2502 studendo,
652 2459 685 2491 et
713 2457 889 2497 habitent,

113 2504 331 2539 meditando
347 2505 597 2549 etoperando,
613 2506 653 2539 in
663 2506 778 2539 ramis
797 2504 889 2549 ejus,

115 2551 151 2586 id
184 2553 238 2585 est
271 2552 307 2586 in
342 2551 495 2586 diversis
531 2552 821 2596 expositionibus
857 2554 894 2586 et

116 2597 329 2634 sententiis.
350 2599 517 2641 Quatuor
534 2599 634 2634 enim
661 2600 756 2634 rami
775 2603 861 2634 sunt
884 2609 891 2634 :

118 2645 290 2689 historia,
324 2645 547 2691 tropologia,
575 2646 769 2692 allegoria,
802 2656 894 2681 ana-

119 2702 228 2737 goge.
262 2693 378 2738 Unde,
405 2703 555 2737 reynum
590 2694 755 2728 coelorum
777 2696 897 2738 potest

118 2739 179 2773 hic
199 2739 356 2786 intelligi
374 2741 562 2785 primitiva
576 2741 740 2776 Ecclesia
762 2753 772 2775 .·
795 2751 894 2785 quae,

121 2786 266 2820 ratione
280 2787 515 2830 humilitatis,
531 2789 757 2833 paupertatis
769 2792 805 2823 et
820 2798 899 2832 par-

120 2843 176 2868 vae
191 2833 425 2869 credentium
438 2835 686 2870 multitudinis
706 2835 900 2870 videbatur

205 2895 297 2928 Vm
313 2896 398 2930 JEsu
414 2897 569 2936 Cunis'm,
585 2906 697 2930 'roilus
716 2899 761 2929 11.

1675 213 1730 247 145

957 279 1071 314 etiam
1090 278 1249 324 abjecta,
1272 279 1336 314 secl
1356 280 1490 316 virtute
1506 286 1560 318 cst
1576 294 1730 330 magna;

956 326 1029 369 vel,
1067 336 1133 371 pro
1165 326 1310 362 fervore
1347 327 1448 373 fidei,
1471 340 1555 375 qua:
1585 331 1730 367 modica

956 373 1154 409 videbatur
1181 378 1335 419 propter
1355 376 1570 413 scandalum
1593 379 1729 422 crucis,

915 442 916 469 3
956 421 1021 457 sed
1056 420 1198 457 fervida
1225 425 1280 456 est
1306 426 1459 467 propter
1480 426 1643 461 calorem
1669 426 1729 461 di-

104 477 195 503 seon
216 483 224 504 :
250 468 339 513 quia
359 470 489 502 contra
510 466 671 501 haereses
691 467 884 513 insurgen-
915 478 916 504 l

958 468 1139 512 lectionis,
1168 478 1282 513 parvo
1313 480 1427 512 ymno
1458 473 1600 517 sinapis
1628 484 1732 509 com-

958 519 1133 561 paratur;
1148 516 1245 560 quod
1259 527 1339 551 eum
1349 519 1398 552 sit
1412 519 1735 565 minimum,quan-

957 564 1078 607 titate,
1106 567 1233 600 tamen
1256 567 1311 599 est
1331 574 1508 610 magnum
1538 567 1573 601 in
1598 568 1732 604 virtute

916 617 918 650 1
959 614 996 647 et
1014 611 1152 655 calore,
1173 621 1256 656 quae
1274 612 1391 646 crevit
1406 612 1441 646 in
1460 614 1634 650 arborem
1653 626 1735 651 ma-

104 658 302 693 haereticos
321 671 327 698 ;
348 660 385 691 et
402 656 489 691 licet
511 656 633 702 primo
652 656 792 692 fuerint
813 657 884 692 hu·
917 659 918 667 ¹

960 669 1088 704 gnam,
1104 659 1191 704 quia
1212 659 1349 704 ubique
1365 658 1466 695 orbis
1484 664 1539 696 est
1559 672 1731 707 expansa,

959 705 1102 741 habens
1125 705 1288 751 stipitem
1317 717 1382 751 per
1404 718 1522 752 spem,
1546 712 1582 743 et
1612 720 1737 745 ramos

962 753 1143 789 exaltatos
1159 764 1226 799 per
1246 753 1484 790 dilectionem
1508 755 1586 800 Dei,
1610 757 1738 793 dilata—

961 804 1018 835 tos
1038 811 1105 846 per
1136 801 1331 837 caritatem
1370 803 1544 847 proximi.
1566 804 1649 840 Alta
1668 809 1736 849 est,

962 847 1051 893 quia
1068 848 1115 883 ad
1134 847 1298 884 coelestia
1312 849 1471 892 sustulit,
1489 851 1628 896 ampla,
1650 851 1739 898 quia

962 898 1081 930 totum
1104 895 1286 931 mundum
1311 898 1518 942 occupavit.
1539 899 1657 940 Quam
1676 910 1738 935 ar-

964 942 1093 978 borem
1108 943 1275 979 ascendit
1289 944 1480 987 Zachaeus‚
1494 948 1533 980 ut
1550 946 1739 983 Christum

964 990 1126 1034 videret3
1148 990 1235 1036 quia
1250 991 1322 1026 nisi
1341 991 1379 1026 in
1400 992 1572 1028 Ecclesiae
1594 997 1630 1029 et
1651 994 1740 1031 fidei

963 1037 1099 1073 arbore
1121 1038 1289 1073 Christus
1306 1049 1382 1074 non
1404 1038 1564 1078 videtur.
1580 1043 1627 1077 Et
1641 1043 1740 1077 volu-

963 1095 1037 1120 cres
1058 1086 1149 1130 coelz',
1162 1084 1200 1120 id
1218 1089 1274 1120 est
1294 1085 1482 1131 principes
1502 1088 1612 1134 liujus
1632 1099 1741 1125 mun-

964 1132 1015 1174 di,
1043 1132 1119 1167 alta
1143 1136 1323 1178 petentes,
1346 1134 1404 1168 vel
1437 1133 1502 1169 alti
1532 1136 1738 1181 intellectu,

962 1178 1104 1214 scilicet
1123 1179 1233 1225 hujus
1253 1180 1385 1215 mundi
1410 1182 1611 1226 sapientes,
1635 1184 1739 1219 habi-

963 1229 1045 1262 tant
1070 1228 1109 1262 in
1128 1228 1242 1262 ramis
1270 1228 1361 1272 ejus,
1380 1229 1466 1263 etei
1493 1230 1653 1275 subjecti
1680 1242 1742 1267 re-

964 1277 1104 1319 guntur
1123 1274 1203 1320 ejus
1220 1274 1389 1310 consilio.
1406 1275 1486 1319 Vel,
1505 1278 1681 1322 volucres,
1705 1280 1739 1314 id

965 1324 1019 1357 est
1040 1322 1180 1367 Sancti,
1197 1321 1261 1367 qui
1274 1323 1408 1368 pennis
1419 1323 1600 1360 virtutum
1616 1325 1654 1360 in
1667 1325 1742 1362 alta

964 1368 1182 1413 ascendunt,
1208 1373 1245 1404 et
1278 1370 1324 1404 ad
1359 1373 1513 1415 praemia
1537 1373 1742 1409 coelestium

964 1416 1151 1452 bonorum
1172 1416 1300 1452 volare
1312 1419 1557 1463 contendunt,
1575 1421 1744 1456 habitant

965 1465 1005 1499 in
1022 1465 1138 1499 ramis
1161 1464 1252 1509 ejus,
1276 1465 1312 1500 id
1341 1469 1397 1500 est
1432 1466 1469 1500 in
1492 1466 1644 1503 diversis
1664 1468 1743 1514 ejus

966 1510 1162 1547 sententiis
1186 1511 1456 1557 spiritualibus.
1486 1514 1594 1549 Rami
1618 1516 1742 1551 Evau-

967 1559 1096 1604 gelicae
1117 1558 1264 1593 arboris
1281 1563 1367 1594 sunt
1383 1559 1601 1601 dogmatum
1624 1563 1745 1598 diver-

966 1606 1107 1650 sitates,
1131 1609 1172 1640 ut
1198 1616 1264 1650 pro
1298 1606 1481 1642 varietate
1508 1609 1741 1655 morborum,

968 1653 1071 1689 varia
1107 1653 1154 1687 sit
1184 1652 1397 1697 medicina;
1430 1653 1467 1689 in
1496 1656 1631 1700 quibus
1650 1668 1742 1693 una-

968 1710 1127 1745 quaeque
1147 1700 1354 1745 volucrum,
1383 1701 1420 1736 id
1452 1706 1506 1737 cst
1532 1704 1744 1741 animarum

965 1749 1166 1793 jtistarum,
1198 1748 1411 1792 requiescit.
1441 1750 1619 1786 Volucres
1643 1753 1743 1788 enim

969 1795 1051 1830 coeli
1072 1797 1159 1830 sunt
1195 1795 1332 1830 animae
1366 1796 1507 1841 fideles,
1530 1809 1613 1842 quse
1640 1810 1704 1835 cor
1724 1810 1746 1835 a

967 1842 1130 1878 terrenis
1149 1842 1316 1878 levantes
1339 1843 1385 1878 ad
1406 1844 1570 1880 coelestia
1594 1857 1659 1891 per
1679 1847 1745 1882 de-

968 1890 1148 1925 siderium
1163 1890 1316 1925 volant:
1338 1894 1386 1934 et,
1404 1892 1584 1936 neglectis
1600 1899 1725 1940 tempo

967 1937 1103 1973 ralium
1131 1947 1259 1972 rerum
1287 1938 1569 1984 cupiditatibus,
1598 1952 1745 1977 sursum

969 1995 1033 2020 cor
1055 1984 1198 2019 habent
1232 1985 1270 2019 in
1306 1985 1530 2031 coelestibus,
1565 1992 1676 2034 atque
1709 1990 1747 2024 in

970 2032 1193 2067 Sanctorum
1222 2032 1332 2067 dictis
1363 2036 1400 2067 ct
1424 2035 1745 2072 consolationibus

968 2079 1167 2123 respirant,
1185 2082 1221 2113 et
1242 2079 1483 2124 requiescunt
1504 2082 1549 2117 ab
1572 2084 1681 2129 liujtis
1697 2085 1748 2119 vi-

968 2130 1015 2161 tae
1031 2125 1326 2171 fatigationibus.
1339 2128 1442 2162 Unde
1457 2127 1506 2163 ait
1524 2130 1745 2168 psalmista:

968 2174 1056 2216 Quis
1074 2173 1177 2207 dabit
1193 2174 1285 2208 mihi
1300 2184 1435 2219 pennas
1454 2178 1547 2211 sicut
1562 2179 1745 2223 columbae,

969 2224 1001 2256 et
1021 2220 1148 2256 volabo
1175 2223 1208 2255 et
1223 2223 1447 2266 requiescam
1465 2224 1483 2257 ?
1503 2225 1748 2262 Assumamus

969 2278 1058 2313 ergo
1086 2271 1123 2303 et
1144 2278 1210 2302 nos
1232 2278 1376 2313 pennas
1401 2271 1597 2316 columbae,
1621 2277 1676 2318 ut,
1702 2274 1748 2309 ad

969 2316 1105 2351 altiora
1144 2315 1325 2361 volantes,
1356 2316 1539 2361 possimus
1568 2321 1604 2355 in
1635 2320 1750 2356 ramis

969 2364 1088 2414 huJus·
1114 2362 1260 2398 arboris
1297 2364 1467 2400 habitare
1485 2393 1494 2409 ,
1510 2371 1559 2402 oct
1597 2368 1749 2404 nidulos

970 2411 1228 2445 doctrinarum
1249 2410 1358 2446 nobis
1370 2411 1507 2457 facere,
1523 2418 1748 2461 terrenaque

969 2456 1170 2503 fugientes,
1192 2457 1239 2492 ad
1261 2458 1426 2495 coelestia
1451 2460 1643 2499 festinare.
1667 2465 1744 2499 Ma-

970 2514 1085 2551 gnum
1103 2514 1250 2550 quoque
1273 2510 1309 2540 et
1327 2506 1475 2543 fervens
1492 2509 1539 2544 sit
1555 2511 1662 2546 nobis
1683 2511 1747 2546 de·

969 2552 1148 2587 siderium
1185 2553 1371 2589 exaltandi
1407 2554 1521 2591 [illem
1566 2562 1748 2602 nostram,

972 2603 1011 2634 ut
1028 2599 1207 2634 Dominus
1233 2601 1338 2636 Jesus
1365 2601 1535 2638 Christus
1560 2605 1606 2639 ab
1629 2605 1749 2639 omni-

970 2647 1041 2682 bus
1063 2645 1250 2687 timeatur,
1274 2654 1520 2694 cognoscatur
1538 2656 1573 2686 ct
1591 2655 1748 2687 ametur.

1026 2708 1060 2729 ιι
1098 2694 1291 2730 PARABOLA
1321 2707 1364 2730 ni:
1393 2708 1589 2742 κῈΒΜΕΝΤο,
1624 2711 1659 2733 ix
1682 2710 1752 2738 Qua

975 2752 1203 2777 nnscnfflirun
1231 2754 1359 2778 STATns
1386 2745 1563 2780 Ecctnsila
1595 2758 1751 2786 sacceus

977 2800 1246 2824 EXALTATIONEM
1265 2791 1490 2827 SANCTonuu.
1510 2794 1605 2827 ——In
1619 2796 1750 2838 quarta

978 2836 1172 2883 parabola,
1198 2847 1279 2882 quae
1307 2841 1362 2874 est
1389 2839 1434 2874 de
1460 2839 1659 2884 fermento,
1683 2840 1752 2876 de-

1593 2907 1626 2935 10
