1894 3186
365 216 417 250 DE
455 214 661 249 MISSIONF}
700 213 1024 247 APOSTOLORUM
1061 211 1116 246 AD
1155 210 1500 244 PRAEDICANDUM.
1718 206 1757 240 43

123 289 168 327 tit
182 289 346 326 fructum
361 284 638 332 praedicationis
655 296 664 324 ;
684 287 720 319 et
733 284 906 319 similiter

121 338 186 375 alii
205 337 343 372 debent
359 334 533 379 plangere
551 336 789 377 tempus,quo
810 342 904 376 prae-

121 383 337 421 termittunt
376 379 586 425 spiritualia
625 380 816 423 exercitia,
858 379 904 415 ad

123 441 254 469 eorum
273 434 409 465 statum
429 426 669 473 pertinentia.

175 492 214 516 12
253 479 392 512 Hospes
423 486 445 510 A
487 485 794 509 Pnffinicixromnus
831 485 906 509 ELI-

123 536 276 567 GENDUS,
302 534 368 559 NEC
382 533 502 558 FACILE
518 532 717 557 numanus.
735 541 775 546 —
798 522 904 564 Item,

122 573 291 610 omnium
308 573 361 605 eis
382 580 554 614 aperiens
566 569 695 604 domos
717 569 762 604 de
785 579 908 604 neces-

121 620 220 656 sario
240 620 338 661 cibo,
358 617 446 652 fecit
461 627 525 652 eos
543 615 904 655 conlidvre‚‹licens:

121 668 164 705 In
184 674 448 712 quamcumque
485 667 604 698 autem
640 665 823 698 civitatem
844 665 909 697 aut

121 715 325 756 castellum,
355 713 391 747 id
419 716 473 746 cst
496 713 531 745 in
550 721 797 756 quaecnmque
827 711 908 745 loca

122 762 269 807 majora
295 759 351 795 vel
388 759 546 800 minora,
577 758 819 801 intraveritis,
847 759 907 792 in-

123 811 305 852 terroqate
326 807 409 852 quis
429 807 468 840 in
486 816 527 840 ea
559 806 693 849 dignus
714 806 777 849 sit,
798 805 833 839 id
856 808 910 839 est

122 855 249 892 fidelis
285 858 322 889 et
353 855 461 889 bonae
488 853 611 895 famae,
629 856 665 887 et
685 863 761 887 non
782 862 909 896 suspe-

124 906 207 940 ctus
245 903 321 947 ipse
356 901 412 936 vel
449 900 555 936 locus
577 901 669 946 ejus,
693 910 737 934 ne
757 897 910 934 infamia

121 948 359 995 suscipientis
379 948 479 983 sama
495 953 532 983 et
551 946 712 993 dignitas
735 947 911 992 praedica-

121 1000 248 1034 torum
269 997 488 1038 maculetur,
508 999 545 1030 et
569 1005 699 1030 eorum
735 994 912 1040 praedica-

124 1045 178 1081 tio
215 1046 252 1079 et
270 1044 442 1079 doctrina
469 1043 703 1087 deturpetur,
744 1052 787 1076 ac
814 1044 909 1076 tam-

127 1101 241 1138 quam
277 1095 448 1136 suspecta
481 1090 719 1134 impediatur.
753 1089 821 1124 Ubi
843 1090 910 1123 Ηί-

126 1148 317 1183 eronymus
356 1150 363 1174 ς
393 1152 406 1170 ι(
437 1138 666 1172 Testimonio
702 1135 911 1170 vicinorum

127 1189 166 1223 et
192 1196 257 1231 per
281 1183 434 1230 samam,
455 1184 648 1229 eligendus
676 1187 732 1218 est
765 1183 909 1228 hospes,

125 1243 174 1270 ne
192 1234 272 1279 ejus
292 1233 445 1267 infamia
464 1231 678 1276 praedicatio
697 1230 870 1265 laedatur.
895 1243 907 1261 n

125 1280 225 1326 Ergo
264 1280 382 1314 multo
418 1278 536 1324 magis
572 1279 692 1313 socius
719 1277 912 1322 eligendus

128 1331 187 1364 est
207 1325 355 1373 dignus.
385 1327 492 1369 Item,
513 1327 583 1361 hoc
608 1325 712 1369 (licit,
743 1328 785 1360 ut
819 1324 913 1359 sciat

126 1375 263 1419 hospes
301 1385 340 1409 Se
380 1373 499 1415 magis
537 1373 695 1418 gratiam
726 1371 909 1416 accipere,

127 1431 241 1468 quam
273 1421 376 1456 dare.
414 1423 461 1456 Et
487 1422 526 1455 in
560 1429 824 1464 quamcumque
845 1419 909 1453 do-

127 1479 227 1505 mum
256 1470 498 1511 intraveritis,
532 1478 642 1502 causa
681 1465 910 1510 hospitandi,

127 1517 168 1552 in
188 1515 312 1550 eadem
347 1518 498 1558 manete,
533 1525 609 1549 non
643 1514 721 1548 sine
758 1515 912 1548 honesta

128 1573 243 1599 causa
279 1563 364 1597 inde
398 1562 583 1605 exeundo,
616 1571 684 1595 nee
713 1561 857 1595 curiose
878 1563 915 1593 et

128 1610 314 1646 inutiliter
332 1609 591 1649 discurrendo,
622 1608 731 1642 donec
761 1608 912 1651 ementis,

127 1657 336 1701 transituri,
360 1656 502 1691 scilicet
535 1655 607 1690 alio
638 1655 683 1689 ad
706 1655 914 1699 praedican-

130 1704 232 1739 dum.
267 1705 346 1738 Non
366 1707 421 1738 est
454 1706 582 1737 tamen
612 1701 914 1747 intelligendum,

132 1751 229 1796 quod
255 1761 319 1795 per
350 1751 420 1785 boc
452 1750 542 1784 velit
570 1749 766 1784 excludere
788 1758 918 1782 causas

131 1798 308 1834 honestas
340 1796 513 1840 exeundi,
540 1800 582 1831 ut
603 1796 649 1831 ad
684 1795 913 1836 docendum,

130 1845 190 1880 vel
217 1844 358 1889 aliquid
396 1842 657 1889 huJuseemodi
687 1841 916 1884 faciendum,

132 1901 218 1928 cum
239 1894 392 1937 propter
431 1891 501 1926 hoc
535 1890 761 1925 intraverint
787 1890 916 1924 civita-

132 1943 210 1975 tem
235 1940 293 1974 vel
320 1938 535 1982 castellum3
564 1938 628 1972 sed
663 1947 727 1980 per
751 1936 820 1971 hoc
841 1937 920 1971 vult

131 1986 322 2022 discursus
358 1995 471 2031 vagos
507 1985 725 2028 excludere,
752 1982 816 2028 qui
843 1994 917 2018 non

134 2033 274 2069 debent
327 2042 406 2067 esse
455 2032 493 2066 in
535 2031 803 2076 praedicatore3
854 2031 917 2065 sed

134 2080 270 2126 magis,
300 2083 466 2114 cessante
492 2080 711 2114 necessitate
745 2077 917 2117 exeundi,

134 2127 249 2164 debet
285 2136 417 2162 vacare
448 2125 772 2170 contemplationi.
807 2128 846 2159 ut
868 2123 919 2159 ibi

136 2175 290 2211 hauriat
319 2174 417 2219 quod
438 2173 571 2218 populo
591 2176 718 2218 postea
735 2171 917 2207 effundat.

137 2222 245 2266 Item,
269 2223 441 2256 bortatur
461 2231 522 2255 eos
549 2221 594 2255 ad
617 2218 918 2265 temperantiam,

140 2269 268 2304 dicens
289 2282 297 2302 z
320 2268 475 2303 Edentes
495 2268 526 2302 el
546 2267 801 2311 bibentes,quae
821 2266 921 2311 apud

137 2316 223 2351 illos
242 2318 339 2359 sunt,
371 2315 407 2349 id
429 2317 483 2349 est
505 2325 578 2349 non
603 2320 823 2360 quaerentes,
852 2324 920 2347 nec

138 2363 257 2408 quaeri
279 2362 457 2397 facientes
477 2366 577 2397 extra
593 2362 744 2396 domum
763 2361 922 2395 delicata

139 2413 177 2445 et
208 2410 409 2454 superflua,
453 2419 536 2454 quae
585 2411 682 2453 apuu
727 2407 808 2442 illos
844 2417 917 2442 non

139 2458 320 2500 sunt;sed
341 2455 557 2491 manducate
574 2467 653 2501 quae
669 2455 770 2490 vobis
787 2457 919 2500 sponte

136 2506 376 2549 apponuntur
409 2507 446 2537 et
495 2502 706 2538 offeruntur
748 2502 794 2537 ab
831 2502 917 2543 11115,

140 2552 311 2596 quamvis
342 2550 489 2585 modica
531 2551 604 2585 sint
642 2554 678 2584 et
713 2549 812 2590 vilia,
847 2559 919 2583 non

141 2603 356 2644 quaerentes
376 2598 537 2632 lautiora
552 2596 609 2631 vel
633 2598 750 2641 plura,
772 2594 919 2630 etiamsi

140 2646 241 2690 apud
258 2645 342 2679 illos
359 2649 445 2679 sunt
459 2645 559 2680 talia.
581 2644 625 2678 Et
645 2647 759 2687 certe,
780 2648 919 2688 quanto

141 2692 385 2737 paucioribus
398 2696 433 2726 et
451 2691 643 2726 vilioribus
653 2695 823 2733 utuntur,
843 2695 920 2724 tan-

143 2742 181 2773 to
199 2737 359 2782 amplius
382 2739 539 2783 implent
561 2739 660 2782 quod
687 2737 744 2772 hic
770 2736 917 2771 dicitur.

142 2785 305 2830 Dignum
325 2790 390 2828 est,
416 2790 454 2820 ut
474 2784 525 2820 ibi
547 2789 723 2820 maneant
740 2788 776 2819 et
796 2785 842 2818 ab
867 2784 919 2818 eis

144 2836 423 2877 consequantur
452 2836 619 2877 terrena,
651 2831 787 2878 quibus
833 2830 920 2866 offe-

980 285 1069 318 runt
1090 280 1253 315 coelestia
1274 292 1283 314 :
1318 280 1457 322 Diqnus
1479 280 1531 313 est
1551 278 1645 312 enim
1679 286 1759 322 ope-

979 332 1103 364 rarius
1123 327 1282 362 mercede
1295 337 1374 363 sua,
1389 338 1458 360 nnn
1477 327 1594 359 solum
1617 327 1760 359 :eterna

980 376 1016 412 in
1059 376 1191 421 patria,
1228 374 1273 409 ad
1310 373 1665 412 remunerationem,
1694 370 1760 407 sed

980 424 1093 459 etiam
1115 421 1328 465 temporali,
1352 421 1387 455 in
1410 422 1481 458 via.
1502 420 1546 453 ad
1573 422 1760 453 sustenta-

980 471 1136 506 tionem.
1175 470 1281 512 Item,
1315 468 1420 513 jubet
1445 478 1487 502 ne
1510 467 1553 499 (le
1582 466 1692 500 ‹lnmo
1711 465 1758 500 ad

982 520 1133 554 domum
1171 517 1332 562 quadam
1368 525 1462 557 vaga
1489 513 1665 548 facilitate
1694 512 1761 547 de-

982 566 1158 611 migrent,
1175 568 1211 599 et
1230 563 1410 608 hospitem
1427 564 1575 605 propter
1604 558 1761 594 lautiora

981 615 1036 647 vel
1064 613 1168 657 plura
1189 611 1363 646 habenda
1384 619 1455 643 non
1477 608 1635 649 mutent,
1651 614 1763 650 quem

982 662 1095 695 etiam
1116 671 1158 694 ex
1179 659 1248 694 hoc
1266 657 1449 692 infamare
1474 657 1634 699 possent.
1660 651 1763 688 Unde

980 708 1087 752 viubet
1106 708 1175 741 hoc
1199 706 1298 746 ideo,
1317 703 1522 739 secundum
1552 701 1762 742 Chrysosto-

982 766 1094 793 mum,
1116 765 1163 789 ne
1184 754 1282 788 leves
1302 756 1338 787 et
1369 748 1583 796 vagabundi
1616 747 1766 781 discur-

982 813 1082 837 sores
1103 802 1301 836 videantur
1320 802 1356 834 et
1378 798 1511 843 gulosi,
1538 794 1672 841 quibus
1690 802 1767 829 non

982 850 1120 885 sufficit
1153 849 1262 884 unius
1290 845 1443 891 hospitis
1478 846 1595 879 victus
1634 851 1767 877 neces-

983 899 1115 941 sarius,
1153 900 1189 931 et
1226 906 1271 930 nc
1308 898 1549 929 contemnere
1592 896 1629 928 et
1668 889 1766 934 inju-

982 945 1155 987 riari,seu
1182 941 1391 978 contristati
1414 941 1630 975 viderentur
1651 935 1769 972 susci-

984 993 1164 1038 pientem,
1208 994 1248 1025 ut
1290 987 1441 1033 ingrati.
1477 988 1555 1022 Duo
1592 995 1681 1032 crgo
1708 983 1769 1018 hic

987 1040 1230 1079 mandantur,
1265 1046 1382 1072 unum
1419 1036 1464 1070 de
1491 1034 1675 1069 electione
1700 1031 1769 1066 ho-

986 1088 1103 1131 spitii3
1127 1085 1227 1119 aliud
1243 1084 1287 1118 de.
1303 1082 1632 1128 impermutatione
1647 1075 1770 1114 electi.

986 1137 1059 1170 Nec
1082 1132 1219 1167 dicitur
1254 1131 1313 1166 bic
1343 1128 1569 1174 quinliceat
1590 1125 1772 1172 praedica-

986 1182 1060 1216 tori
1078 1178 1283 1224 aliquando
1308 1182 1454 1211 mutare
1475 1176 1695 1219 hospitium,
1713 1170 1772 1206 vel

987 1239 1071 1264 cum
1091 1228 1176 1263 aliis
1203 1225 1414 1267 comedere,
1440 1232 1600 1257 maxime
1632 1224 1671 1255 ut
1695 1227 1772 1254 non

986 1278 1118 1323 gravet
1156 1273 1341 1318 hospitem
1381 1281 1504 1313 suum,
1536 1270 1624 1303 dum
1645 1271 1773 1302 tamen

985 1324 1032 1360 ad
1058 1321 1192 1368 dignos
1227 1320 1388 1355 divertat
1411 1322 1447 1353 et
1482 1318 1682 1358 honestos,
1704 1311 1770 1348 sed

986 1370 1178 1417 prohibuit
1213 1366 1394 1402 Dominus
1431 1365 1678 1413 mutationem
1704 1360 1772 1412 ho-

985 1419 1099 1463 spitii,
1124 1415 1270 1451 ratione
1289 1413 1425 1457 triplici
1445 1424 1452 1447 :
1474 1422 1550 1447 una
1568 1416 1623 1445 est
1643 1411 1772 1443 vitatio

986 1465 1162 1507 levitatis,
1197 1472 1283 1507 quse
1312 1462 1414 1494 nullo
1442 1460 1552 1494 modo
1575 1457 1687 1492 debet
1706 1465 1771 1500 ap-

989 1522 1121 1558 parere
1142 1512 1178 1545 in
1203 1508 1473 1554 prfedieatore;
1497 1507 1583 1549 alia,
1606 1503 1767 1548 suspicio

989 1557 1210 1605 gulositatis,
1233 1556 1320 1601 quia
1355 1557 1630 1589 cousueverunt
1656 1557 1769 1585 novos

990 1607 1154 1651 hospites
1174 1602 1309 1638 lautius
1329 1611 1550 1647 procurare3
1566 1599 1690 1641 tertia,
1711 1597 1771 1632 de-

990 1654 1143 1689 clinatio
1163 1650 1328 1685 insanum
1357 1649 1509 1692 hospitis
1544 1647 1631 1692 quia
1663 1644 1693 1680 si
1713 1643 1771 1679 dt-

992 1702 1219 1740 mitteretur‚
1243 1697 1438 1731 videretur
1460 1695 1648 1739 indignus.

1044 1750 1083 1783 15
1108 1747 1213 1781 plicis
1249 1754 1397 1778 OPTArio
1437 1751 1681 1780 PULVERISQUE
1708 1749 1772 1774 Ex-

992 1806 1113 1831 cussm
1134 1804 1217 1833 Qun)
1234 1792 1475 1825 SIGNIFICENT‘!
1493 1809 1534 1813 —
1552 1787 1774 1832 ltem,jubet

992 1848 1034 1878 ut
1056 1852 1140 1877 euin
1163 1840 1420 1875 benedictione
1442 1838 1582 1870 intrent
1604 1837 1772 1878 domum,

994 1890 1120 1924 dicens
1155 1899 1163 1923 ε
1203 1888 1383 1922 Intrantes
1410 1888 1529 1918 autem
1550 1884 1588 1916 in
1612 1881 1772 1923 domum,

992 1938 1151 1972 salutate
1184 1933 1437 1974 eam,scilicet
1474 1931 1669 1973 familiam,
1707 1927 1773 1963 sci-

995 1985 1081 2019 licet
1115 1982 1283 2017 homines
1321 1978 1536 2014 habitantes
1565 1977 1600 2010 in
1629 1986 1693 2016 ea,
1730 1977 1775 2010 ut

994 2032 1042 2067 sit
1079 2032 1156 2065 lata
1195 2028 1341 2071 relatio,
1378 2026 1518 2060 scilicet
1547 2021 1773 2058 antecedens

995 2088 1060 2123 pro
1082 2077 1310 2119 continente,
1327 2079 1363 2109 et
1378 2074 1578 2107 relativum
1596 2081 1659 2114 pro
1682 2078 1770 2104 con-

993 2126 1119 2166 tentis,
1153 2124 1334 2158 dicentes:
1362 2122 1443 2155 Pace
1467 2121 1550 2153 huic
1575 2118 1713 2161 domui,
1735 2115 1773 2151 id

995 2176 1062 2215 est,
1083 2172 1247 2214 t'amiliae,
1263 2174 1315 2212 ut,
1340 2168 1402 2213 qui
1419 2166 1544 2201 cibum
1569 2171 1604 2200 et
1622 2166 1697 2199 alia
1725 2161 1774 2199 ad

995 2221 1123 2262 vitam,
1139 2212 1723 2258 necessariarecipiunt,vicissim
1733 2219 1775 2246 sa

994 2266 1108 2301 lutein
1133 2269 1169 2299 et
1187 2264 1286 2309 pacis
1302 2260 1526 2298 beneficium
1549 2259 1771 2304 largiantur:

994 2323 1082 2358 quia
1122 2312 1344 2356 praetlicator
1377 2309 1488 2343 debet
1520 2305 1774 2342 habitantibus

994 2361 1031 2395 in
1066 2361 1175 2395 domo
1202 2368 1315 2404 quam
1342 2357 1456 2391 intrat
1484 2365 1610 2400 pacem
1638 2352 1775 2389 offerre

993 2412 1028 2442 et
1052 2413 1194 2450 optare,
1224 2409 1260 2440 et
1287 2415 1362 2439 non
1382 2404 1501 2438 solum
1536 2407 1679 2446 optare,
1709 2398 1775 2435 sed

995 2455 1107 2489 etiam
1130 2451 1375 2498 Evangelium
1406 2450 1554 2490 ebristi,
1586 2448 1686 2493 quod
1718 2449 1775 2482 est

994 2501 1237 2542 Evangelium
1274 2509 1372 2535 verae
1415 2497 1526 2541 pacis,
1553 2495 1772 2541 praedicare,

994 2553 1030 2584 et
1050 2558 1111 2584 eos
1130 2548 1176 2582 ad
1204 2557 1332 2592 pacem
1363 2547 1547 2580 internam
1575 2549 1610 2577 et
1637 2541 1771 2576 frater-

994 2606 1079 2631 nam
1100 2595 1301 2637 inducere;
1335 2603 1377 2628 ac
1405 2593 1563 2627 salntem
1598 2589 1772 2624 babItan-

992 2644 1087 2677 tium
1107 2642 1211 2677 bonis
1232 2639 1353 2676 verbis
1375 2645 1413 2675 et
1439 2636 1615 2681 exemplis
1638 2644 1770 2679 procu-

993 2700 1092 2733 rare,
1125 2694 1163 2724 ut
1183 2689 1236 2724 sic
1283 2690 1461 2732 appareat
1487 2696 1548 2720 eos
1585 2682 1771 2728 legatione

993 2737 1096 2783 fungi
1123 2746 1189 2782 pro
1211 2734 1355 2771 Christo
1392 2735 1490 2775 Jesu,
1520 2731 1583 2776 qui
1610 2734 1771 2780 est-vera

993 2795 1062 2829 pax
1081 2789 1116 2819 et
1133 2783 1229 2819 salus
1246 2783 1427 2817 omnium.
1453 2780 1505 2815 Ob
1528 2779 1597 2812 hoc
1614 2777 1699 2811 solis
1721 2784 1771 2826 vi-

993 2831 1103 2866 cartis
1123 2830 1397 2875 Apostolorum,
1425 2827 1566 2862 scilieet
1584 2824 1770 2868 Episcopls
