1894 3186
125 203 164 238 94

603 197 747 231 PRIMAE
783 197 939 232 PARTIS
978 196 1116 230 CAPUT
1156 197 1267 230 LVIII

130 268 365 308 occasionem
384 266 555 304 mortalis
574 266 730 314 peccati.
755 269 904 302 Verum·
939 269 941 305 ξ
979 266 1173 302 universos
1190 266 1238 302 ad
1262 266 1440 302 virtutem
1458 266 1754 310 attrahemus,et

130 319 301 355 tamenin
322 318 386 352 hoc
404 317 516 351 nolite
533 315 702 359 qaudere,
720 316 808 359 quia
828 316 904 359 spi·
939 311 941 352 ξ

129 368 225 402 ritus
242 365 342 400 vobis
356 362 517 398 infirmis
534 362 791 408 subjiciantur.
813 362 905 396 Nam
940 386 941 391 ,

940 359 942 381 l

131 413 251 448 malos
290 410 442 457 spiritus
475 420 603 445 arcere
644 412 681 445 et
701 408 774 445 alia
799 408 907 453 signa
940 414 941 453 ξ

133 460 256 496 facere
270 457 473 503 aliquando
494 467 711 492 concessum
724 458 780 491 est
794 455 905 490 etiam
940 459 941 476 ³

134 506 243 543 malis
251 504 483 548 hominibus,
496 514 571 539 non
580 506 734 549 propter
748 502 905 548 seipsos,
939 510 941 534 ἲ

939 488 942 507 l

131 554 197 590 sed
233 553 280 588 ad
308 550 631 588 confirmationem
658 550 743 585 fidei
770 548 906 585 Christi

130 599 343 648 praedicatae
364 609 432 645 per
450 608 513 633 eos
527 609 535 641 ;
550 601 586 633 et
606 596 808 642 aliquando
830 606 907 631 non

128 651 185 684 est
207 647 330 683 meriti
354 655 484 682 eorum
506 644 567 690 qui
605 647 819 690 operantur,
841 642 906 678 sed
939 671 940 675 ,

128 694 252 741 potius
294 704 361 740 per
416 690 690 727 invocationem
743 689 906 725 nominis

130 740 267 778 Christi
294 739 523 781 conceditur,
552 738 608 774 vel
646 737 693 773 ad
723 737 905 782 maJorem

130 788 483 825 condemnationem
500 795 629 821 eorum
640 784 700 829 qui
717 784 903 826 invocant,
939 807 940 810 η

129 837 187 872 vel
215 835 262 870 ad
288 834 487 870 utilitatem
525 842 654 867 eorum
690 830 751 876 qui
777 830 906 866 vident

130 886 166 918 et
190 881 359 924 audiunt,
383 880 421 914 in
443 889 515 924 quo
531 889 680 923 semper
696 878 906 912 honoratur

129 931 227 966 Deus
251 956 260 972 ,
299 938 366 973 per
410 927 514 971 cujus
550 935 685 960 nomen
724 923 906 958 miracula
938 924 939 928 ’

130 979 230 1016 sunt,
255 974 339 1009 licet
371 972 626 1017 despiciantur
661 970 722 1015 qui
750 969 902 1005 faciunt.
938 974 939 978 ’

129 1022 233 1059 Unde
273 1023 544 1064 Chrysostomus
572 1030 582 1052 ε
623 1016 801 1062 «EJ'icere
834 1016 907 1051 dae-

128 1079 260 1105 mones
280 1076 479 1103 commune
499 1075 592 1110 opus
609 1067 664 1099 est
681 1064 779 1099 inter
800 1063 906 1098 mini·
939 1105 940 1108 Ἰ

129 1120 227 1152 stros
247 1115 311 1151 Dei
335 1117 371 1149 et
390 1112 581 1148 ministros
596 1110 733 1146 diaboli
752 1111 908 1154 ;verita-

128 1167 204 1199 tem
226 1160 396 1197 confiteri
420 1163 455 1194 et
469 1158 651 1205 Justitiam
668 1158 805 1200 facere,
828 1156 907 1203 pri-
940 1190 941 1196 ,

130 1213 259 1246 vatum
293 1211 348 1243 est
380 1216 472 1251 opus
500 1208 647 1240 tantum
669 1206 904 1240 Sanctorum.

128 1257 229 1301 Ideo,
256 1265 367 1300 quem
388 1252 526 1289 videris
549 1251 734 1287 daemonia
753 1251 907 1296 ejicien-

128 1307 220 1340 tem⁴
244 1302 273 1337 si
295 1312 370 1337 non
392 1304 447 1336 est
471 1298 656 1335 confessio
677 1297 845 1333 veritatis
868 1297 907 1332 in

129 1361 194 1386 ore
214 1350 384 1395 ejus,nec
401 1346 548 1394 Justitia
564 1346 601 1380 in
620 1346 791 1380 manibus
812 1345 905 1390 ejus,

130 1408 207 1434 non
229 1401 285 1432 est
316 1397 427 1430 homo
454 1393 531 1429 Dei.
561 1393 597 1429 Si
625 1396 749 1428 autem
771 1391 908 1427 videris

980 314 1108 349 sutura
1127 313 1294 349 fruemur
1319 313 1395 349 vita
1417 325 1424 349 :
1449 327 1466 347 »
1495 314 1574 349 haee
1599 314 1755 357 Chryso-

981 364 1129 396 stomus.
1145 361 1196 396 De
1213 360 1281 396 hoc
1295 360 1407 396 etiam
1422 361 1539 396 habes
1552 370 1678 406 supra,
1689 360 1759 395 cir-

982 417 1024 443 ca
1046 407 1158 443 finem
1178 407 1361 443 sermonis
1380 407 1529 443 Domini
1556 407 1593 442 in
1609 409 1756 443 monte.

1030 457 1048 489 5
1070 456 1121 489 Ex
1138 465 1205 489 noc
1227 466 1314 490 sono
1334 466 1564 498 GAUDENDUM,
1584 465 1678 494 ouon
1696 465 1760 489 No—

982 513 1068 537 ΜῙΝΑ
1091 512 1234 537 semem
1257 513 1335 537 snw
1354 513 1390 537 IN
1411 513 1530 537 COELIS.
1547 523 1586 527 —
1612 501 1648 537 Si
1667 511 1757 547 ergo

983 559 1058 584 non
1094 552 1150 584 est
1186 548 1424 594 gaudendum
1451 548 1490 584 in
1526 547 1759 594 subjectione

983 595 1197 641 spirituum,
1220 595 1335 631 multo
1357 594 1480 631 minus
1500 599 1555 631 est
1589 595 1757 640 gauden-

983 643 1069 678 dum
1089 642 1127 678 in
1148 641 1380 688 subjectione
1400 642 1608 686 hominum,
1630 646 1666 678 et
1691 640 1757 677 ad-

982 690 1054 725 huc
1075 689 1199 725 minus
1212 689 1249 724 in
1270 689 1501 734 subJ'ectione
1516 699 1642 725 rerum
1661 691 1757 724 tem-

981 736 1181 782 poralium,
1210 737 1254 772 de
1279 736 1415 782 quibus
1441 739 1566 771 tamen
1593 736 1760 781 gaudent

982 783 1101 827 multi,
1125 784 1234 819 etiam
1256 782 1319 828 qui
1340 783 1518 818 videntur
1544 782 1758 826 spirituales

981 834 1017 865 et
1039 830 1177 867 devoti.
1206 831 1292 866 Ideo
1321 830 1513 876 sul;›jungit
1537 829 1719 864 Dominus
1746 839 1755 865 :

982 877 1141 912 Gaudete
1169 881 1302 921 autem,
1335 877 1431 922 quod
1461 878 1609 912 nomina
1639 878 1758 911 vestra

979 926 1130 969 scripta,
1141 927 1176 959 et
1189 923 1268 959 sine
1281 923 1468 960 oblivione
1481 922 1672 959 memoriae
1684 926 1759 958 tra-

981 970 1059 1005 dita
1075 973 1212 1005 suntin
1230 972 1338 1014 ctrlz's,
1361 970 1399 1005 id
1420 974 1475 1005 est
1492 971 1528 1005 in
1544 970 1640 1005 libro
1658 969 1757 1013 vitae,

981 1017 1065 1052 licet
1099 1016 1296 1053 deleantur
1328 1021 1519 1061 tamquam
1554 1016 1694 1052 malum
1723 1019 1759 1052 et

983 1063 1179 1109 eJiciantur
1201 1064 1240 1099 in
1263 1063 1388 1107 terris,
1417 1067 1453 1099 et
1478 1063 1673 1099 hominum
1698 1072 1757 1098 re-

981 1110 1188 1157 putatione.
1218 1112 1245 1146 E
1280 1113 1425 1153 contra,
1454 1110 1608 1145 nomina
1638 1110 1758 1145 malo-

982 1168 1065 1193 rnm
1101 1157 1316 1193 scribuntur
1343 1160 1379 1192 et
1408 1156 1702 1201 magnificantur
1720 1155 1758 1191 in

982 1205 1107 1247 terris,
1130 1206 1166 1238 et
1186 1203 1270 1239 ideo
1296 1214 1372 1239 non
1399 1203 1436 1238 in
1464 1203 1578 1238 coelis.
1600 1205 1641 1238 In
1663 1203 1758 1239 libro

983 1251 1067 1286 vitae
1088 1250 1297 1295 aliquorum
1312 1249 1466 1285 nomina
1480 1249 1658 1285 dicuntur
1673 1248 1760 1285 scri-

984 1301 1046 1343 pta
1066 1298 1262 1343 dupliciter
1281 1308 1288 1332 :
1310 1308 1382 1332 uno
1404 1297 1528 1339 modo,
1553 1297 1756 1332 secundum

941 1349 942 1357 ¹
983 1350 1205 1391 praesentem
1239 1344 1436 1390 justitiam,
1461 1355 1543 1389 quae
1576 1344 1759 1389 scriptura

130 1444 326 1480 veritatem
349 1442 589 1477 ctmfitcntem
602 1442 637 1474 et,
652 1438 835 1485 justitiam
860 1439 909 1473 sa-

131 1491 306 1533 cientem,
335 1489 403 1524 etsi
443 1486 630 1523 (hemonia
662 1497 735 1521 non
768 1485 906 1531 ejiciat,
941 1492 942 1500 ¹

130 1539 244 1573 homo
268 1535 332 1572 Dei
354 1538 422 1571 est.
451 1548 467 1568 »
494 1536 536 1568 Et
573 1534 708 1568 iterum
743 1543 752 1567 ι

788 1547 805 1563 ‹<
828 1534 907 1567 Non
942 1571 943 1575 Ἰ

132 1585 238 1630 signa
256 1588 354 1629 pete,
377 1582 441 1618 sed
463 1580 599 1617 animae
631 1579 826 1614 sanitatem
848 1591 855 1622 3
879 1578 908 1613 si
941 1601 943 1625 3

131 1636 256 1668 autem
279 1630 384 1675 signa
405 1628 458 1663 vis
480 1629 615 1669 facere,
637 1626 780 1662 eruaris
800 1637 821 1661 a
843 1626 908 1661 de-
942 1637 943 1659 l

132 1678 230 1714 lictis
256 1681 293 1713 et
319 1676 446 1712 omnia
466 1674 632 1720 explesti.
658 1673 804 1708 Etenim
830 1683 908 1709 ma-

132 1736 227 1771 gnus
253 1725 400 1760 daemon
422 1726 475 1758 est
495 1724 712 1767 peccatum3
734 1723 769 1755 ct
797 1720 826 1755 si
847 1731 910 1755 au-

132 1773 221 1816 fers,
250 1772 393 1816 maiora
425 1770 554 1804 decem
586 1768 687 1803 mille
719 1767 909 1802 dcemones

133 1818 373 1864 abigentibus
399 1818 574 1862 operatus
594 1825 656 1850 es:
681 1813 787 1859 signa
808 1814 907 1848 enim
942 1824 944 1843 ι

133 1864 312 1902 mutoties
356 1863 439 1898 aliis
477 1863 699 1908 prosuerunt
716 1889 724 1904 ,
760 1860 909 1895 facienti

133 1916 259 1949 autem
283 1911 494 1954 obfuerunt,
512 1909 548 1944 in
571 1908 771 1943 elationem
791 1908 908 1942 extol-

134 1959 263 2001 lentia,
289 1962 325 1994 et
354 1967 486 1992 vanam
511 1955 683 2001 gloriam,
702 1955 758 1989 vcl
781 1954 817 1989 in
841 1955 907 1989 ali-
942 1967 943 1972 ¹

135 2017 207 2052 quo
225 2006 349 2040 modo.
366 2006 407 2039 In
422 2004 596 2048 operibus
616 2013 703 2037 vero
722 2001 812 2036 nihil
836 2002 907 2037 tale
942 2003 943 2042 ξ

133 2052 314 2098 suspicari
341 2054 409 2094 est,
448 2050 511 2085 sed
539 2054 574 2085 et
599 2048 908 2095 participantibus
941 2052 943 2070 ;

135 2099 189 2136 eis
215 2103 251 2135 et
273 2098 354 2134 aliis
385 2097 510 2132 multis
529 2101 698 2142 prosunt.
729 2097 813 2130 Hzec
837 2095 907 2131 ita-

133 2157 206 2192 que
226 2157 307 2181 cnm
328 2155 463 2189 magna
475 2143 669 2189 diligentia
686 2153 900 2188 operemur.

134 2193 171 2230 Si
187 2193 298 2235 enim,
319 2193 366 2227 ab
388 2191 663 2226 inhumanitate
681 2191 727 2225 ad
752 2190 910 2225 eleemo-

135 2250 267 2286 synam
303 2242 574 2273 transmutatus
611 2237 738 2280 fueris,
773 2236 907 2272 siccam

134 2297 286 2323 manum
314 2285 533 2321 existentem
565 2283 774 2320 extendisti.
805 2284 855 2325 Si,
888 2294 910 2319 a

135 2333 358 2380 spectaculis
395 2331 592 2375 desistens,
623 2331 669 2366 ad
705 2330 908 2366 Ecclesiam

135 2380 238 2423 ieris,
259 2378 533 2414 claudicantem
552 2378 684 2423 pedem
698 2377 907 2412 correxisti.

135 2427 173 2464 Si
193 2430 331 2469 autem,
352 2425 540 2461 destiteris
560 2425 685 2460 oculos
702 2428 818 2459 tuosa
837 2435 910 2459 me-

136 2474 271 2510 retrice
291 2476 327 2508 et
341 2471 618 2518 pulchritudine
636 2471 772 2515 aliena,
792 2481 910 2506 caecos

135 2520 338 2557 existentes
358 2518 549 2564 aperuisti.
573 2519 622 2561 Si,
644 2528 711 2563 pro
733 2517 908 2553 satanicis

136 2567 260 2603 verbis
284 2565 458 2601 didiceris
482 2565 646 2610 psalmos
682 2563 907 2609 spirituales,
942 2569 943 2596 ἕ

135 2617 261 2650 mutus
281 2612 444 2648 existens
462 2612 606 2647 locutus
619 2621 670 2647 es.
686 2612 771 2646 Haec.
783 2611 908 2656 itaque

135 2660 318 2696 miracula
357 2663 441 2695 sunt
475 2657 650 2702 maxima,
684 2658 765 2693 haec
800 2657 910 2703 signa

136 2712 221 2744 sunt
241 2704 498 2752 inopinabilia.
522 2705 558 2741 Si
584 2705 663 2740 haec
684 2705 791 2749 signa
812 2705 908 2740 fece-

135 2754 252 2790 rimus
270 2757 305 2789 et
323 2752 392 2798 ipsi
414 2752 539 2804 magni
562 2751 713 2797 quidem
739 2754 775 2786 et
794 2751 906 2786 mira-

135 2800 229 2837 biles
248 2811 315 2847 per
334 2801 414 2836 haec
436 2809 591 2843 erimus,
612 2801 649 2835 et
678 2797 908 2845 perniciosos

940 2664 943 2717 l

940 2722 943 2771 l

941 2774 944 2835 l

984 1396 1037 1427 est
1063 1391 1253 1435 delebilis3
1289 1391 1360 1427 alio
1394 1391 1519 1433 modo,
1551 1391 1755 1426 secundum

984 1443 1164 1475 {eternam
1176 1438 1559 1484 praedestinationem,
1574 1448 1655 1482 quae
1670 1437 1758 1473 scri-

984 1490 1090 1531 ptura
1114 1488 1170 1520 est
1190 1485 1420 1528 indelebilis;
1442 1488 1476 1520 et
1498 1488 1657 1530 utroque
1675 1495 1755 1520 mo-

984 1533 1031 1567 do
1060 1532 1210 1568 nomina
1250 1543 1381 1567 eorum
1417 1535 1523 1567 erant
1559 1534 1696 1577 scripta
1718 1531 1756 1566 in

985 1579 1103 1622 coelis,
1118 1580 1204 1623 quia
1219 1582 1324 1615 erant
1343 1578 1596 1624 praedestinati
1621 1581 1655 1613 et
1673 1588 1755 1614 cum

984 1627 1055 1661 hoc
1079 1626 1266 1662 habebant
1284 1626 1443 1671 gratiam
1462 1625 1527 1661 Dei
1551 1637 1559 1661 ε
1583 1625 1671 1670 quia
1689 1626 1758 1660 ista

984 1673 1173 1718 gloriatio,
1201 1684 1314 1719 quam
1348 1674 1563 1709 habuerunt
1598 1673 1644 1708 de
1681 1673 1758 1718 eje-

984 1720 1108 1755 ctione
1134 1720 1361 1764 daemonum,
1398 1730 1474 1755 non
1505 1719 1575 1755 suit
1601 1719 1758 1755 mortale

986 1773 1192 1813 peccatum.
1230 1767 1265 1802 Si
1286 1770 1410 1802 autem
1434 1770 1470 1802 et
1495 1770 1600 1801 tuum
1623 1776 1757 1802 nomen

985 1813 1040 1849 vis
1071 1813 1181 1849 scribi
1209 1814 1247 1849 in
1274 1814 1391 1858 coelis,
1417 1813 1528 1849 stude
1556 1817 1595 1848 ut
1620 1814 1758 1848 bonum

985 1864 1018 1896 et
1041 1872 1113 1895 non
1129 1860 1269 1896 malum
1290 1860 1457 1906 opereris
1475 1872 1482 1903 ;
1501 1859 1628 1905 qualia
1645 1870 1759 1906 opera

985 1907 1089 1949 sacis,
1112 1907 1249 1943 talibus
1277 1918 1414 1943 nomen
1442 1911 1548 1942 tunm
1586 1906 1758 1942 inscribi-

983 1958 1048 1989 tur
1064 1954 1211 1998 litteris,
1235 1958 1271 1990 et
1292 1965 1333 1990 ex
1354 1954 1411 1989 his
1432 1954 1567 1989 litteris·
1589 1953 1759 1989 elicietur

979 2002 1178 2047 judicium,
1198 2001 1284 2047 quia
1299 2001 1336 2036 in
1350 2001 1571 2047 Apocalypsi
1592 2000 1728 2036 dicitur
1747 2012 1754 2035 :

981 2050 1144 2084 Judicatz·
1162 2052 1246 2084 sunt
1278 2051 1411 2084 mortui
1432 2059 1475 2083 ccc
1500 2050 1555 2083 his
1576 2059 1654 2093 quae
1671 2049 1758 2083 scri-

978 2100 1047 2142 pta
1081 2099 1184 2131 erant
1214 2098 1253 2131 in
1290 2097 1411 2136 libris,
1435 2096 1629 2130 secundum
1649 2105 1757 2140 opera

982 2145 1154 2188 ipsorum.
1176 2143 1277 2178 Unde
1298 2142 1348 2178 ait
1362 2143 1459 2177 Beda
1479 2155 1489 2176 :
1514 2156 1532 2174 ‹<
1551 2141 1757 2177 salubriter

982 2193 1106 2225 autem
1141 2189 1423 2235 intelligendum
1457 2193 1526 2232 est,
1552 2188 1652 2234 quod
1680 2188 1757 2224 sive

985 2236 1163 2280 coelestia,
1202 2235 1278 2272 sive
1301 2235 1496 2271 terrestria
1525 2236 1609 2280 quis
1645 2246 1758 2281 opera

983 2283 1154 2328 gesserit,
1175 2293 1242 2328 per
1261 2283 1341 2318 haec
1362 2282 1467 2328 quasi
1493 2281 1628 2317 litteris
1646 2292 1762 2318 anno-

981 2334 1094 2374 tatus,
1119 2330 1215 2376 apud
1239 2329 1305 2365 Dei
1329 2329 1549 2365 memoriam
1582 2328 1630 2364 sit
1656 2332 1763 2365 aeter-

982 2377 1119 2413 nahter
1142 2377 1289 2412 affixus.
1325 2377 1502 2419 Quaedam
1524 2379 1652 2412 autem
1673 2380 1762 2412 sunt

983 2435 1064 2469 quae
1091 2423 1306 2459 scribuntur
1326 2424 1476 2469 quidem
1508 2423 1643 2458 nonin
1668 2422 1759 2468 vita,

982 2471 1062 2515 sed,
1085 2471 1286 2506 secundum
1323 2470 1607 2516 Hieronymum,
1629 2469 1669 2505 in
1691 2472 1761 2505 ter-

981 2529 1037 2562 ra,
1059 2521 1100 2553 ut
1120 2518 1323 2553 secundum
1343 2518 1414 2553 hoc
1439 2517 1671 2562 intelligatur
1691 2516 1758 2552 du-

980 2565 1064 2611 plex
1101 2565 1273 2610 quaedam
1313 2564 1535 2609 conscriptio
1573 2576 1584 2598 :
1623 2563 1757 2598 horum

983 2611 1132 2657 quidem
1152 2611 1200 2647 ad
1232 2610 1360 2654 vitam,
1395 2611 1544 2646 illorum
1569 2610 1615 2646 ad
1636 2608 1759 2655 perdi-

981 2660 1134 2694 tionem.
1159 2657 1262 2701 Quod
1283 2661 1408 2693 autem
1442 2657 1577 2693 (licitur
1595 2657 1641 2692 de
1660 2656 1755 2692 libro

980 2705 1196 2749 viventium,
1218 2704 1437 2750 intelligitur
1468 2704 1513 2740 de
1539 2703 1596 2739 his
1620 2703 1682 2748 qui
1702 2702 1756 2738 di-

981 2752 1045 2798 gni
1064 2752 1292 2798 putabantur
1310 2751 1349 2786 in
1368 2751 1463 2787 libro
1485 2749 1683 2786 conscribi.
1711 2750 1754 2785 Et

982 2799 1188 2836 secundum
1207 2798 1278 2834 hoc
1300 2798 1383 2834 fieri
1404 2797 1539 2834 dicitur
1561 2797 1753 2844 scripturae
