1894 3186
289 180 339 213 DE
376 178 701 212 IMI‘EDIMENTIS
740 178 1074 211 PERFECTIONIS
1113 177 1161 210 ET
1199 178 1405 216 SEQUELE
1445 180 1641 214 CllltlSTl.
1753 183 1786 214 (ji

157 251 210 288 sic
228 253 265 287 te
286 249 471 286 confitear
491 248 617 292 corde,
640 259 719 292 ore,
737 251 772 283 et
797 258 909 293 opere
931 258 1058 283 coram
1084 246 1300 283 hominibus
1323 247 1359 282 in
1385 248 1505 289 terris,
1532 250 1628 294 quod
1653 252 1704 290 tu,
1729 260 1787 286 se-

158 299 320 335 cundum
349 295 573 343 promissum
592 298 709 335 tuum,
741 295 955 331 confitearis
989 306 1047 331 me
1071 305 1198 330 coram
1221 296 1329 330 l'atre
1352 299 1413 331 tuo
1437 295 1472 331 in
1501 297 1615 341 melis,
1641 297 1701 333 ubi
1725 300 1788 334 tua

154 346 293 393 pietate
314 347 350 381 et
371 343 641 387 misericordia,
665 354 749 378 cum
770 343 915 378 Sanctis
936 346 972 378 et
994 342 1122 377 electis
1141 341 1215 377 tuis
1236 342 1430 389 percipere
1467 355 1614 380 merear
1632 345 1783 390 gaudia,

154 404 222 441 per
239 396 290 438 te,
314 393 413 429 bone
433 393 537 436 Jesu,
560 390 613 426 sie
631 390 897 427 confitentibus
918 389 1163 436 repromissa.
1185 390 1319 426 Amen.

818 602 999 648 CAPUT
1039 602 1132 648 LIV

275 754 324 782 DE
344 753 578 788 QUIBUSDAM
601 753 884 781 lMPEDIMENTIS
914 752 1191 781 PERFECTIONIS
1212 753 1262 780 ET
1291 752 1476 787 SEQUELAE
1505 754 1671 783 CHRISTI.

535 864 701 902 Matthaei
721 875 801 911 cap.
821 866 865 910 X,
888 868 925 901 et
944 866 1051 901 Lucae
1073 876 1154 912 cap.
1174 867 1238 902 XII
1258 869 1296 903 et
1320 868 1413 905 XIV.

208 1012 221 1034 1
245 998 297 1033 DE
315 1008 398 1032 IGNE
415 1008 451 1031 IN
463 1008 601 1031 TERRAM
615 1008 716 1032 insse
738 1008 940 1032 PRAESERTIM

156 1056 318 1081 TEMPORE
335 1045 523 1080 PAssioxis
545 1044 701 1079 camsi-1.
726 1065 761 1069 -—
791 1046 831 1079 Et
855 1044 941 1089 quia

157 1091 339 1128 Dominus
360 1093 467 1128 Jesus
501 1091 613 1126 valde
635 1102 710 1126 aios
743 1091 882 1135 dilexit,
906 1095 942 1127 et

156 1139 210 1175 ita
230 1139 343 1175 etiam
365 1138 468 1183 diligi
494 1138 570 1173 vult
591 1138 749 1181 anobis,
773 1138 856 1173 ideo
880 1149 940 1173 ve-

155 1185 391 1222 hementiam
413 1185 551 1220 amoris
585 1196 695 1230 quem
723 1185 861 1230 expetit
882 1196 941 1220 os-

156 1233 332 1276 tendens,
364 1237 639 1277 consequenter
659 1232 863 1277 subjungit,
887 1232 942 1267 di-

156 1291 273 1316 cens:
300 1282 435 1324 Iynem,
465 1279 603 1314 scilicet
630 1279 810 1323 divinum,
832 1279 867 1314 id
887 1282 942 1315 est

156 1328 344 1363 fervorem
364 1326 524 1372 Spiritus
540 1326 679 1370 Sancti,
691 1338 732 1362 ac
749 1326 942 1362 caritatem

157 1375 224 1412 Dei
233 1378 269 1410 et
278 1374 449 1420 proximi,
461 1375 555 1415 veni,
567 1385 633 1419 per
642 1376 809 1409 Incarnat
818 1374 942 1409 ionem

157 1424 300 1458 mittere
319 1423 359 1457 in
380 1424 527 1460 terram,
544 1420 581 1456 id
603 1420 709 1457 estin
726 1421 942 1456 hominibus

157 1469 206 1506 ad
225 1467 551 1514 consumptionem
572 1472 825 1514 peccatorum,
839 1472 875 1503 et
890 1468 943 1503 in-

156 1515 400 1553 novationem
433 1515 667 1559 animarum3
691 1519 723 1550 et
742 1517 830 1560 qnid
850 1517 941 1559 volo,

154 1565 230 1600 m'si
255 1566 310 1607 ut,
346 1562 535 1597 mediante
562 1563 771 1597 sul'llatorio
809 1562 943 1597 divinae

154 1609 429 1656 inspirationis,
464 1609 520 1644 vel
557 1613 709 1645 secretae
733 1609 943 1644 meditati-›-

156 1656 231 1701 nis,
258 1657 488 1696 accendatur,
517 1655 553 1691 id
581 1659 637 1692 est
662 1657 792 1691 ardeat
819 1660 853 1691 et
879 1667 944 1691 au-

156 1707 383 1751 gmentetur,
404 1702 491 1748 quia
508 1703 644 1738 caritas
656 1708 820 1739 meretur
832 1714 944 1739 auce-

155 1751 203 1797 ri,
218 1754 258 1787 ut
273 1753 382 1786 aucta
400 1754 589 1785 mereatur
601 1751 727 1796 perlici
741 1752 757 1785 ζ)
775 1752 877 1786 Unde
895 1751 945 1785 ait

158 1799 353 1842 Greqorzus
380 1809 388 1832 ;
420 1812 437 1829 «
460 1797 561 1842 Ignis
584 1797 720 1843 quippe
747 1800 783 1833 in
808 1803 945 1833 terram

156 1845 332 1889 mittitur,
357 1855 441 1880 cum
476 1856 544 1890 per
571 1846 746 1881 ardorem
786 1845 944 1891 Spiritus

157 1892 282 1929 Sancti
304 1893 433 1928 afflata
464 1895 614 1928 terrena
639 1903 746 1928 mens
767 1904 788 1927 a
808 1903 942 1928 carna-

156 1940 255 1976 libus
291 1939 487 1975 desideriis
548 1939 624 1975 suis
665 1944 941 1975 concrematur.

159 1988 345 2024 Succensa
366 1991 491 2022 autem
531 1997 552 2021 a
592 1987 776 2033 spirituali
816 1998 945 2022 amore

156 2034 297 2071 malum
317 2034 416 2079 quod
437 2033 524 2069 fecit
542 2034 698 2080 plangit,
715 2038 751 2069 et
772 2034 821 2069 sic
839 2034 946 2069 ardet

155 2081 428 2126 terra,quando
438 2086 636 2117 accusante
647 2092 684 2116 se
698 2081 943 2125 conscientia,

157 2139 223 2165 cor
247 2128 455 2175 peccatoris
487 2128 526 2163 in
560 2129 688 2164 dolore
715 2129 945 2174 pcenitentiae

158 2179 434 2212 concrematur.
454 2190 472 2208 »
496 2176 601 2212 Unde
621 2177 718 2211 Beda
743 2188 750 2210 :
778 2192 794 2207 ι(
818 2178 946 2222 Ignem

157 2222 294 2269 quippe
311 2223 400 2258 dicit
422 2223 580 2269 Spiritus
598 2224 723 2260 Sancti
744 2224 944 2267 servorem,

160 2269 224 2316 qui
251 2273 396 2306 secreta
427 2271 549 2306 cordis
581 2271 797 2306 illuminans
825 2270 944 2305 conti-

158 2317 242 2353 nuis
254 2317 416 2353 motibus
425 2317 472 2353 ad
487 2328 649 2364 superna
661 2319 946 2363 prowicatstitia

160 2364 472 2410 concupiscentiae
511 2365 672 2400 carnalis
694 2365 797 2410 quasi
821 2365 947 2410 spinas

157 2410 392 2457 tribulosque
406 2411 602 2457 comburit,
618 2423 730 2448 aurea
747 2412 947 2447 U‹‡)ttlttlis·[t3

161 2458 298 2495 domus
316 2469 403 2494 vasa
423 2460 618 2504 probando
641 2460 826 2502 meliorat,
843 2465 878 2494 et
900 2459 946 2494 li-

161 2515 277 2551 gnum
298 2505 454 2550 soenum,
477 2506 726 2552 stipulamque
746 2507 946 2543 consumit.

160 2554 206 2589 Et
232 2552 293 2597 qui
324 2553 371 2588 ob
401 2554 472 2589 hoc
494 2554 615 2590 solum
644 2554 689 2589 de
720 2553 804 2589 sinu
827 2553 947 2588 Patris

162 2599 270 2644 exivi,
297 2603 333 2636 et
347 2600 431 2635 veni
451 2600 489 2636 in
512 2601 704 2646 mundum,
720 2605 757 2637 ut
775 2600 947 2636 homines

163 2657 186 2684 a
217 2646 376 2683 terrenis
410 2647 674 2694 cupiditatibus
702 2649 747 2684 ad
781 2647 948 2683 coelestia

163 2693 351 2730 desideria
375 2695 614 2737 succendam,
631 2696 719 2741 quid
743 2695 823 2730 volo
845 2694 945 2730 aliud

165 2750 277 2786 quam
297 2744 337 2777 ut
355 2742 464 2787 liujus
481 2742 645 2777 incendii
663 2744 777 2788 jubar
792 2746 946 2777 cunetas

165 2787 294 2824 mundi
314 2789 444 2836 plagas
463 2789 635 2834 illustret,
658 2791 768 2836 liujus
794 2790 945 2826 flamma

1013 997 1236 1042 devotionis,
1277 1008 1394 1044 usque
1434 998 1472 1034 in
1511 999 1624 1034 finem
1666 1000 1792 1045 seculi,

1014 1044 1180 1080 fidelium
1215 1056 1363 1090 semper
1395 1050 1574 1091 augescat
1608 1046 1645 1081 in
1668 1048 1794 1092 corde,

1014 1103 1135 1136 neque
1162 1092 1236 1127 ullo
1258 1092 1480 1137 infidelium,
1509 1095 1561 1129 vel
1600 1095 1795 1139 fluctuum,

1014 1139 1269 1184 exstinguatur
1312 1139 1463 1175 incursu
1502 1141 1555 1175 vel
1604 1142 1691 1175 tlatu
1715 1142 1732 1177 ἰ)
1777 1156 1794 1173 »

1016 1187 1094 1221 lisec
1115 1187 1225 1221 Beda.
1251 1187 1354 1222 Unde
1373 1188 1486 1223 etiam
1515 1190 1617 1231 Iluqo
1639 1189 1682 1223 de
1701 1190 1799 1225 San-

1014 1236 1231 1270 cto-Victore
1254 1245 1261 1268 :
1303 1247 1319 1267 «
1344 1235 1523 1270 Homines
1549 1235 1679 1280 gratiae
1711 1240 1796 1272 sunt

1015 1280 1051 1315 lii
1075 1280 1137 1326 qui
1159 1292 1225 1326 per
1244 1281 1515 1326 aspirationem
1532 1283 1690 1328 Spiritus
1708 1285 1799 1320 San-

1015 1327 1062 1363 cti
1091 1331 1178 1363 sunt
1216 1328 1428 1373 illuminati,
1452 1334 1491 1365 ut
1527 1331 1665 1365 bonnm
1698 1331 1799 1376 quod

1015 1374 1228 1411 faciendum
1256 1379 1311 1411 est
1338 1381 1565 1421 agnoscant;
1589 1380 1622 1412 et
1646 1381 1731 1413 sunt
1748 1379 1799 1413 in-

1017 1422 1211 1463 flammati,
1234 1426 1275 1458 ut
1291 1423 1448 1468 diligant
1467 1436 1474 1459 :
1499 1439 1515 1456 >›
1533 1425 1613 1459 lizee
1629 1427 1745 1468 Husso.
1763 1424 1799 1461 Si

1016 1480 1105 1514 ergo
1122 1472 1157 1505 te
1173 1480 1194 1505 a
1210 1469 1307 1505 vitiis
1319 1471 1550 1517 purgaveris,
1562 1473 1745 1508 accendes
1761 1472 1800 1507 in

1015 1520 1051 1552 te
1069 1516 1194 1561 ignem
1207 1517 1320 1552 divini
1336 1518 1493 1562 amoris3
1512 1519 1540 1554 si
1564 1519 1799 1555 dulcedinem

1019 1563 1135 1599 divini
1169 1564 1309 1600 amoris
1352 1566 1390 1599 in
1428 1569 1462 1600 te
1490 1567 1652 1611 perfecte
1673 1570 1800 1612 gusta-

1019 1611 1130 1655 veris,
1153 1611 1199 1646 de
1219 1611 1415 1647 dulcedine
1431 1613 1626 1658 temporali
1646 1624 1721 1649 non
1742 1624 1802 1649 cu-

1019 1658 1132 1694 rabis.
1156 1660 1199 1693 Et
1232 1658 1355 1694 subdit
1374 1662 1518 1705 tempus
1542 1660 1729 1696 missionIs
1749 1660 1799 1696 is-

1019 1705 1091 1741 tius
1116 1705 1227 1750 ignis,
1256 1705 1343 1751 quia
1377 1718 1452 1742 non
1474 1708 1688 1752 perficietur
1721 1708 1800 1754 ejus

1019 1752 1149 1788 missio
1167 1753 1286 1788 donec
1306 1753 1385 1799 ipse
1406 1765 1537 1799 passus
1554 1755 1676 1790 suerit.
1695 1755 1800 1791 Unde

1018 1799 1260 1845 prosequitur
1289 1811 1297 1834 :
1325 1803 1511 1846 Baptismo
1545 1807 1663 1837 (tactim
1690 1803 1799 1838 habeo

1018 1847 1121 1893 prius
1147 1848 1342 1892 baptizari,
1366 1848 1402 1883 id
1422 1851 1490 1893 est,
1511 1850 1716 1885 secundum
1735 1852 1800 1885 Be-

1019 1895 1117 1938 dam,
1136 1894 1329 1939 sanguinis
1341 1895 1483 1941 proprii
1500 1897 1680 1932 tinctione
1697 1896 1800 1943 prius

1021 1943 1139 1977 liabeo
1163 1942 1347 1987 pertundi,
1371 1947 1407 1979 et.
1428 1943 1481 1979 sic.
1503 1944 1616 1979 corda
1642 1946 1800 1981 creden-

1019 1989 1112 2024 tium
1132 1988 1291 2034 Spiritus
1313 1990 1400 2035 igne
1423 1990 1676 2036 inflammare,
1701 1993 1802 2038 quod

1019 2040 1076 2071 est
1100 2035 1224 2071 dicere
1249 2048 1255 2071 :
1280 2038 1494 2083 Antequam
1518 2039 1663 2075 mittam
1683 2040 1798 2086 Spiri-

1021 2086 1114 2127 tum,
1143 2083 1240 2118 dabo
1269 2095 1328 2120 nie
1358 2086 1666 2131 crucifigendum.
1698 2088 1801 2124 Unde

1019 2130 1199 2176 scriptum
1228 2134 1302 2166 est:
1330 2134 1498 2170 Nondum
1526 2138 1604 2169 erat
1635 2136 1800 2180 SpaeIrz'tus

1019 2179 1142 2223 clatus,
1167 2179 1255 2222 quia
1271 2180 1374 2215 Jesus
1394 2182 1554 2216 nondum
1574 2184 1710 2225 ficerat,
1731 2193 1799 2228 per

1020 2226 1335 2262 resurrectionem
1346 2228 1798 2274 etPassionisvictoriam,

1019 2273 1258 2317 glorificatus.
1273 2274 1366 2316 Quia
1381 2275 1480 2310 enim
1498 2276 1627 2312 Passio
1647 2276 1798 2322 Christi,

1021 2330 1133 2364 quam
1160 2329 1201 2371 ex
1238 2331 1375 2366 magna
1405 2322 1560 2359 caritate
1594 2334 1660 2369 pro
1692 2324 1800 2361 nobis

1021 2367 1211 2410 sustinuit,
1234 2371 1290 2404 est
1315 2370 1517 2405 maximum
1549 2371 1714 2406 caritatis
1741 2371 1799 2407 in-

1021 2413 1223 2459 centivum,
1258 2415 1342 2452 ideo
1367 2417 1457 2452 dicit
1482 2428 1520 2453 se
1549 2418 1654 2464 prius
1675 2418 1798 2464 bapti-

1021 2471 1100 2496 smo
1116 2462 1394 2508 baptizandum,
1410 2465 1638 2510 baptismum
1655 2466 1715 2501 hie
1733 2476 1798 2512 ap-

1022 2508 1166 2553 pellans
1194 2510 1417 2546 effusionem
1448 2516 1485 2547 et
1518 2512 1721 2548 tincturam
1742 2513 1799 2549 sui

1022 2556 1215 2601 sanguinis
1235 2557 1272 2592 in
1294 2569 1360 2593 sua
1381 2560 1563 2595 Passione
1583 2560 1796 2604 benedicta,

1022 2613 1065 2637 ex
1083 2613 1157 2648 quo
1176 2604 1389 2650 Baptismus
1410 2609 1446 2642 et
1467 2607 1540 2642 alia
1561 2610 1800 2643 sacramenta

1021 2650 1198 2702 Ecclesiae
1240 2653 1383 2688 habent
1422 2653 1643 2689 efficaciam.
1684 2653 1798 2697 Quasi

1022 2697 1120 2732 dicat
1140 2709 1147 2733 :
1174 2700 1219 2734 Ut
1246 2699 1343 2745 ignis
1374 2700 1443 2736 iste
1465 2702 1704 2744 accendatur,
1725 2711 1798 2746 quo

1022 2754 1044 2780 a
1080 2746 1172 2781 meis
1200 2746 1327 2782 omnia
1353 2750 1504 2784 terrena
1527 2747 1798 2792 despiciantur,

1023 2792 1263 2839 respersione
1298 2794 1441 2841 proprii
1480 2794 1675 2840 sanguinis
1712 2804 1800 2841 per-
