1894 3186
141 225 200 257 311³,

142 297 323 336 curreret,
338 294 436 330 bona
453 294 499 330 de
519 297 654 341 quibus
680 296 779 332 tilius
800 300 922 343 potest

143 341 175 376 ei
198 340 477 384 administrare,
491 343 571 388 Jam
592 344 662 379 sibi
679 344 805 379 debita
820 347 918 379 sunt.

144 389 194 424 De
220 388 342 423 alieno
379 393 504 424 autem
541 390 662 426 nullus
688 394 810 436 potest
845 392 920 426 Deo

142 436 265 471 facere
286 435 526 480 sacrificium,
545 441 582 473 et
599 437 683 473 ideo
701 440 792 473 talia
813 438 922 473 offer-

144 493 185 518 re
230 492 303 517 non
337 486 393 518 est
429 482 586 527 licitum,
627 484 715 529 quia
751 486 824 520 hoc
865 487 922 520 est

144 529 357 574 transgredi
379 534 608 576 praeceptum
629 532 673 567 de
692 532 834 567 honore
853 542 921 577 pa-

147 579 320 619 rentum;
350 587 454 613 secus
472 581 610 621 autem,
634 577 663 613 si
692 579 791 614 filius
822 579 922 614 bona

144 634 211 659 sua
248 623 422 665 vovisset,
446 628 645 670 antequam
688 629 861 670 parentes
884 626 921 660 in

147 672 371 706 necessitate
406 671 514 714 positi
548 676 686 715 essent,
726 672 813 717 quia
833 677 921 708 tune

146 728 221 753 non
254 724 352 753 esset
391 718 533 754 licitum
558 719 602 754 de
638 719 692 754 eis
720 719 919 764 providere

149 765 381 811 parentibus.

195 815 214 846 5
243 813 454 847 Hx‘rocmsis
482 813 745 849 PuAnxsAEonuu
779 825 921 849 DAMNA-

145 870 225 893 Tun.
243 880 287 884 ——
302 859 443 894 Deinde
458 859 689 902 redarguens
701 871 765 896 eos
781 861 827 896 de
838 872 922 897 san-

148 905 285 940 ctitatis
307 905 560 949 simulatione,
581 907 728 942 subdit:
749 910 921 952 Hypocri-

146 957 201 993 ιω,
214 953 296 987 licne
304 954 571 997 prophetizavit
580 955 623 988 de
635 955 735 989 vobis
743 957 859 990 [strias
869 956 921 990 di-

143 1010 223 1034 cens
247 1012 256 1034 .·
279 1001 440 1044 Populus
462 1002 520 1035 hic
541 1001 650 1035 labiis
676 1013 730 1036 me
751 1004 918 1046 honorat,

141 1057 200 1081 eor
221 1051 339 1080 <intem
352 1058 470 1082 eorum
493 1048 595 1084 conoe
616 1052 667 1083 est
688 1060 709 1083 α
730 1060 808 1092 me;
833 1049 921 1094 quia

145 1093 397 1129 ostendebant
416 1094 653 1130 sanctitatem
674 1096 713 1131 in
734 1096 857 1132 verbis
884 1100 919 1132 et

144 1139 321 1175 exteriori
354 1144 653 1185 conversatione,
676 1154 759 1179 cum
792 1147 919 1179 tamen

145 1189 307 1233 corrupti
330 1192 457 1223 essent
476 1189 572 1224 mala
594 1189 817 1226 intentione.
843 1192 919 1226 Hoc

143 1238 266 1280 potest
287 1234 357 1270 dici
395 1236 441 1270 de
470 1235 543 1270 illis
568 1236 629 1280 qui
651 1238 746 1273 bene
767 1237 917 1281 docent,

145 1285 180 1316 et
202 1281 297 1317 male
330 1281 484 1326 vivunt;
518 1283 628 1318 labiis
645 1285 744 1319 enim
771 1287 807 1319 et
842 1295 918 1320 non

146 1329 257 1363 corde
282 1330 397 1364 Deum
414 1330 614 1371 honorare,
632 1334 688 1366 est
708 1332 802 1367 bene
817 1330 918 1377 loqui

143 1379 179 1410 et
195 1376 289 1411 male
306 1375 441 1411 vivere.
453 1377 539 1412 Sine
552 1388 661 1412 causa
672 1389 773 1423 ergo,
791 1383 827 1413 et
842 1379 917 1413 t‘ru-

147 1424 369 1464 stra,colun'
384 1434 450 1461 me,
469 1434 543 1458 non
560 1424 699 1459 liabent
726 1436 742 1459 s
759 1425 919 1460 fructum

145 1468 258 1511 in‹le;
289 1468 383 1504 sicut
418 1469 518 1505 enim
560 1471 746 1506 medicina
782 1471 920 1506 «licitur

145 1516 285 1551 frustra
316 1519 352 1550 et
373 1517 452 1551 sine
475 1527 588 1552 causa
611 1518 816 1563 propinari,
837 1529 919 1564 quie

143 1574 217 1598 non
237 1563 381 1598 confert
403 1563 614 1603 sanitatem,
635 1564 687 1599 sic
708 1568 830 1600 cultus
862 1565 918 1600 di-

143 1611 252 1645 vinus
286 1612 346 1656 qui
377 1622 450 1646 non
472 1611 573 1646 ducit
609 1612 656 1647 ad
678 1612 917 1655 felicitatem

148 1657 311 1692 docentes
343 1658 530 1693 doctrinas
552 1664 585 1693 et
607 1660 783 1694 mandata
806 1661 919 1694 homi-

147 1715 247 1747 num,
270 1707 305 1740 et
326 1715 391 1750 per
412 1705 490 1740 lure
507 1705 716 1750 transgredi
734 1705 796 1741 Dei
819 1717 922 1741 man-

145 1751 287 1794 datum,
310 1757 463 1797 propter
489 1755 683 1788 avarittam
703 1758 738 1788 et
761 1754 917 1788 lucrum.

146 1799 201 1837 Et,
221 1798 419 1833 confutatis
439 1799 608 1844 superbis
628 1803 663 1835 et
684 1800 919 1845 superstitio-

150 1845 200 1881 sis
223 1844 362 1880 Scribis
381 1849 417 1880 ct
440 1845 653 1886 Pliarismis,
676 1847 737 1892 qui
766 1849 810 1882 ad
835 1858 919 1892 par-

149 1894 224 1927 tem
244 1891 415 1927 videntur
431 1892 500 1927 sibi
518 1893 696 1938 praedicta
716 1898 847 1929 contra
863 1893 918 1929 di-

150 1939 312 1983 scipulos
326 1938 474 1981 dixisse,
487 1940 670 1975 convertit
686 1951 723 1975 se
742 1940 920 1976 Dominus

148 1985 195 2020 ad
210 1986 357 2021 turbam
377 1986 555 2022 humilem
577 1991 613 2022 et
628 1987 763 2032 simplis
776 1999 848 2030 ern,
862 1998 921 2023 vo-

150 2032 231 2067 lens
253 2043 316 2067 eos
345 2044 366 2067 a
388 2033 479 2068 salsa
516 2034 686 2069 doctrina
710 2035 919 2070 Pliarisaeo-

144 2089 225 2114 rum
258 2090 458 2121 revocare3
495 2084 527 2115 ct
565 2081 613 2115 wi
645 2092 681 2116 sc
715 2084 920 2117 conuocatis

148 2126 247 2161 dimit
268 2129 319 2160 cis
338 2138 345 2161 ε
367 2128 518 2169 Audite,
540 2128 701 2163 exterius
727 2139 817 2164 aure
838 2139 920 2164 cor-

150 2172 266 2218 poris,
309 2177 341 2208 et
388 2176 599 2218 incestique,
635 2174 791 2211 interius
830 2187 919 2211 aure

148 2219 303 2264 mentis;
333 2220 459 2256 audite
487 2232 629 2264 vocem,
653 2226 689 2257 et
724 2222 921 2268 intelligite
954 2249 956 2255 ⁴

150 2265 336 2302 virtutem.
357 2270 437 2304 Non
458 2269 557 2312 quod
578 2271 695 2304 intrat
715 2271 752 2303 in
770 2280 807 2304 os
832 2280 921 2305 cor—

148 2313 263 2358 poris,
289 2314 431 2350 scilicet
455 2315 559 2351 cibus
579 2316 798 2361 corporalis,
822 2318 922 2351 coin-

150 2361 279 2403 quinat
298 2361 475 2396 hominem
500 2362 760 2407 spiritualiter,
782 2363 923 2399 scilicet

148 2405 186 2441 in
200 2408 327 2441 anima
348 2411 384 2442 et
397 2408 493 2452 apud
515 2411 645 2453 Deum,
660 2409 731 2444 nisi
751 2409 789 2445 in
811 2420 923 2455 quan-

148 2457 226 2488 tum
252 2463 319 2498 per
339 2454 624 2490 d‹»lectaiione111
645 2457 740 2491 male
762 2457 923 2492 afficitur

149 2499 233 2545 quis
271 2499 318 2534 ad
354 2499 491 2543 cibum,
526 2502 582 2536 vel
604 2501 697 2536 alias
726 2507 825 2537 esset
853 2503 923 2539 sibi

148 2545 379 2592 prohibitum
399 2558 406 2581 z
429 2546 515 2591 quia
535 2558 610 2582 non
645 2547 759 2583 intrat
795 2549 833 2583 in
860 2560 924 2584 cor

152 2594 246 2638 ejus,
269 2593 339 2628 hoc
359 2597 415 2629 est
435 2592 472 2627 in
494 2593 672 2637 animam,
697 2605 778 2639 quae
810 2606 924 2631 causa

150 2644 206 2675 est
241 2639 365 2675 omnis
404 2639 654 2675 immunditiae
690 2641 922 2686 spiritualis;

150 2687 252 2722 unde
271 2687 488 2732 corporales
510 2688 641 2722 sordes
662 2698 736 2722 non
751 2688 923 2734 coinqui-

152 2737 243 2769 nant
277 2733 538 2779 spiritualiter,
573 2737 610 2769 et
647 2733 730 2769 ideo
764 2746 839 2770 non
872 2738 927 2771 est

155 2781 361 2816 curandum
383 2784 508 2816 utrum
537 2780 624 2816 lotis
648 2780 704 2816 vel
737 2792 813 2816 non
842 2782 928 2818 lotis

154 2826 344 2870 manibus,
395 2827 602 2873 corporalis
640 2826 847 2872 accipiatur
875 2828 927 2864 ci-

954 2258 958 2323 l

956 2533 960 2613 l

571 227 711 260 Plllllxl]
750 228 904 262 PARTIS
943 227 1078 262 CAPUT
1117 226 1335 260 LXXXVIII

989 296 1060 332 bus
1079 307 1087 339 ;
1104 297 1168 331 sed
1186 297 1283 342 quod
1306 297 1470 341 procedit
1505 307 1550 332 em
1588 307 1647 332 ore
1673 308 1761 335 cor-

988 343 1045 378 dis
1067 342 1222 387 scilicet,
1239 348 1275 379 et
1295 344 1341 380 ab
1365 343 1533 379 interiori
1558 343 1683 380 radice
1703 356 1762 381 vo-

987 389 1156 434 luntatis,
1201 392 1263 426 hoc
1318 393 1534 436 coinquinet
1569 392 1760 434 hominem,

988 437 1128 473 scilicet
1150 439 1262 474 verba
1284 439 1391 474 malae
1413 438 1664 484 cogitationis,
1679 449 1762 484 qua:

989 487 1074 519 suut
1108 484 1260 521 malitiae
1280 484 1471 521 interioris
1498 484 1761 531 significativa,

988 530 1076 576 quia
1096 542 1139 567 ex
1171 531 1252 568 cibo
1281 533 1484 568 secundum
1518 543 1557 568 se
1591 543 1666 568 non
1708 537 1766 569 est

987 578 1108 623 culpa,
1142 579 1206 614 sed
1226 590 1269 616 ex
1301 579 1359 614 his
1381 590 1463 625 quae
1484 579 1698 625 procedunt
1719 591 1761 616 ex

987 635 1052 661 ore
1082 625 1204 662 cordis
1241 631 1277 662 et
1310 625 1477 672 corporis
1497 639 1505 670 ;
1528 629 1564 661 et
1600 625 1685 662 ideo
1722 638 1765 662 os

986 670 1108 717 ipsum
1147 678 1203 709 est
1232 673 1432 715 diligenter
1463 672 1762 709 custodiendum.

986 720 1030 754 Et
1050 719 1138 765 quia
1158 731 1229 755 non
1247 720 1385 756 sufficit
1404 720 1765 765 custodianumana,

985 767 1148 812 petenda
1163 771 1217 802 est
1237 767 1405 802 custodia
1421 766 1568 810 divina;
1593 768 1687 803 sicut
1701 778 1765 813 pe-

987 814 1089 848 tebat
1128 815 1329 859 Propheta,
1357 813 1482 848 dicens
1515 825 1523 848 ε
1566 815 1674 860 Pone,
1697 817 1764 850 Do-

986 862 1095 904 mine,
1117 862 1318 896 custodiam
1339 863 1395 895 ori
1414 872 1504 904 meo,
1531 864 1602 896 etc.

1034 911 1053 951 4
1076 910 1125 943 De
1144 919 1237 943 ceco
1254 919 1415 943 nucmuu
1429 919 1521 943 προ
1540 918 1763 944 PRAESTANTE.

986 952 1031 980 —-'-
1048 957 1157 993 Tunc,
1180 955 1319 990 seilicet
1339 956 1490 999 quando
1512 954 1715 991 audierunt
1728 953 1768 988 il-

986 1002 1107 1037 lorum
1136 1002 1359 1047 religionem
1382 1001 1569 1045 evacuari,
1597 1001 1766 1036 acceden-

987 1055 1037 1084 tes
1057 1050 1244 1095 discipuli.
1267 1048 1505 1094 simplicitate
1535 1048 1641 1092 moti,
1661 1049 1767 1083 dime-

986 1100 1072 1131 runt
1091 1098 1124 1131 ei
1143 1108 1150 1131 :
1174 1097 1254 1132 Scis
1280 1098 1368 1141 quia
1392 1096 1584 1140 Pharisaei,
1607 1105 1766 1141 quorum

987 1153 1123 1184 magna
1142 1147 1197 1179 est
1218 1143 1350 1188 religio
1372 1142 1411 1178 in
1428 1143 1537 1187 cibis,
1557 1144 1684 1178 audito
1704 1143 1767 1177 hoc

986 1191 1105 1233 verbo,
1132 1191 1231 1234 quod
1255 1190 1396 1225 scilicet
1416 1195 1571 1226 evacuat
1595 1188 1765 1229 discreti-

987 1248 1098 1273 onem
1118 1236 1360 1279 ciborum„et
1379 1237 1621 1273 traditionem
1642 1235 1765 1272 senio-

986 1295 1084 1327 rum,
1109 1285 1356 1319 scandalizati
1382 1288 1479 1328 sunt,
1506 1283 1544 1319 id
1576 1287 1632 1320 est
1666 1282 1766 1319 indi-

986 1331 1104 1377 gnati,
1124 1331 1178 1366 vel
1197 1331 1330 1366 offensi
1348 1335 1444 1366 sunt.
1468 1331 1569 1366 Istud
1590 1341 1666 1366 non
1685 1332 1767 1366 erat

987 1378 1204 1413 scandalum
1238 1378 1416 1421 activum,
1439 1378 1540 1423 quia,
1574 1372 1695 1423 netffle
1722 1387 1765 1412 ex

986 1425 1096 1467 facto,
1121 1435 1240 1470 neque
1267 1436 1309 1460 ex
1342 1424 1440 1460 dicto
1474 1425 1596 1461 minus
1630 1428 1731 1460 recto
1756 1435 1764 1466 ;

986 1472 1049 1507 sed
1070 1471 1194 1517 potius
1211 1472 1412 1518 passivum,
1431 1471 1518 1517 quia
1538 1472 1666 1507 audito
1682 1481 1764 1506 ver-

987 1519 1033 1554 bo
1051 1518 1765 1564 veritatis‚pietatisetaequitatis,scan-

986 1565 1135 1601 dalizati
1156 1570 1261 1600 sunt:
1281 1565 1368 1611 quia
1389 1565 1506 1601 oculis
1527 1564 1639 1610 aegris
1658 1564 1762 1600 odio-

987 1623 1028 1648 sa
1046 1618 1102 1648 est
1119 1612 1190 1648 lux.
1209 1613 1312 1648 Unde
1328 1612 1498 1657 discipuli
1519 1623 1592 1647 non
1609 1611 1762 1647 dicunt:

986 1663 1026 1695 tu
1046 1670 1108 1694 eos
1130 1659 1404 1702 scandalizasti,
1425 1659 1504 1703 sed,
1520 1659 1766 1694 scandalizati

985 1710 1084 1741 sunt.
1101 1708 1142 1741 Et
1164 1710 1316 1752 propter
1334 1707 1406 1742 tale
1429 1706 1647 1742 scandalum
1672 1704 1765 1741 alio-

985 1763 1084 1796 rum,
1098 1757 1235 1789 veritas
1248 1753 1524 1799 vitae.justitiae,
1538 1756 1571 1788 et
1585 1752 1765 1788 doctrIna:

986 1811 1062 1835 non
1077 1804 1132 1835 est
1148 1799 1386 1843 dimittenda3
1407 1800 1584 1846 quoniam
1598 1799 1766 1845 procedit

987 1858 1030 1882 ex
1056 1847 1173 1892 ipsius
1204 1847 1444 1883 scandalizati
1480 1846 1634 1882 malitia.
1665 1846 1766 1882 Unde

988 1894 1182 1937 Greyorius
1200 1909 1207 1929 :
1225 1907 1242 1927 «
1261 1894 1296 1930 Si
1312 1895 1358 1929 de
1374 1895 1529 1929 veritate
1548 1892 1765 1929 scandalum

988 1941 1119 1984 oritur,
1143 1941 1279 1976 rectius
1293 1941 1382 1976 oriri
1408 1940 1638 1987 permittitur
1655 1949 1765 1985 quam

988 1989 1084 2033 quovl
1109 1988 1244 2023 veritas
1266 1988 1512 2033 relinquatur.
1534 2001 1551 2021 »
1572 1987 1672 2030 Ideo,
1688 1988 1766 2030 ille,

988 2034 1129 2070 scilicet
1153 2035 1331 2070 Dominus
1351 2036 1569 2079 respondens
1588 2033 1654 2078 eis,
1678 2036 1732 2068 ait
1755 2046 1765 2068 ε

988 2083 1111 2118 Omnis
1123 2083 1315 2124 plantatio.
1329 2082 1575 2117 traditionum
1589 2083 1768 2116 humana-

988 2139 1085 2172 rum,
1104 2128 1140 2163 id
1156 2133 1212 2164 est
1226 2128 1348 2164 omnis
1367 2128 1539 2164 doctrina
1554 2129 1600 2163 ab
1616 2126 1766 2162 homine

989 2175 1153 2219 inventa,
1184 2186 1268 2221 quae
1302 2175 1387 2220 Legi
1410 2175 1473 2210 Dei
1498 2186 1571 2210 non
1599 2178 1654 2209 est
1676 2185 1765 2208 con-

989 2233 1095 2264 sona,
1118 2233 1226 2266 quarn
1247 2233 1317 2257 non
1336 2223 1522 2267 plantavit
1543 2223 1651 2256 Pater
1668 2231 1766 2255 meus

990 2271 1153 2309 caelestis,
1177 2269 1251 2304 imo
1274 2268 1460 2304 consuluit
1480 2268 1657 2314 tepiditas
1678 2278 1767 2302 car-

990 2316 1099 2356 nalis,
1113 2317 1374 2355 eradicabitur,
1392 2325 1474 2351 cum
1490 2315 1766 2361 plantatoribus

990 2364 1082 2406 suis;
1119 2366 1154 2397 et
1181 2363 1251 2398 hoc
1285 2373 1306 2398 a
1330 2362 1573 2398 fundamento
1605 2362 1766 2406 Christo,

990 2420 1057 2455 per
1080 2409 1408 2455 reprobationem
1435 2419 1456 2444 a
1492 2408 1679 2449 fidelibus,
1701 2418 1769 2454 per

991 2457 1266 2501 separationem
1282 2467 1290 2499 3
1307 2466 1329 2491 a
1346 2459 1447 2491 terra
1464 2454 1681 2491 viventium.
1702 2465 1768 2500 per

989 2502 1254 2548 privationem,
1278 2502 1365 2547 quia
1392 2513 1466 2538 non
1484 2503 1598 2537 habet
1619 2502 1767 2537 firmum

990 2549 1275 2584 fundamentum
1290 2553 1326 2584 et
1338 2549 1515 2584 radicem.
1535 2550 1653 2584 Sinite
1668 2549 1767 2591 illos,

990 2595 1028 2630 in
1066 2594 1313 2640 praecipitium
1348 2594 1603 2631 damnationis
1636 2594 1706 2638 ire,
1731 2600 1767 2630 et

991 2641 1201 2677 doctrinam
1220 2641 1368 2677 illorum
1388 2644 1544 2682 evitate:
1563 2643 1646 2676 caeci
1665 2645 1764 2686 sant,

990 2688 1029 2724 in
1053 2699 1091 2724 se
1118 2691 1286 2723 carentes
1316 2699 1404 2724 vero
1431 2688 1622 2724 intellectu
1645 2688 1765 2733 Legis,

991 2739 1024 2771 et
1048 2736 1154 2771 duces
1181 2746 1363 2778 caecorum,
1396 2735 1434 2770 in
1463 2734 1644 2780 regimine
1671 2735 1765 2770 alio-

993 2792 1089 2824 rum,
1111 2780 1198 2827 quia
1218 2781 1312 2817 alios
1330 2792 1396 2816 suo
1417 2792 1546 2817 errore
1563 2784 1764 2825 excaecant,

993 2832 1029 2864 et
1048 2839 1111 2864 eos
1128 2828 1175 2864 ad
1195 2828 1441 2874 praecipitium
1467 2828 1618 2864 ducunt.
1648 2828 1766 2863 Caecus

1086 2955 1100 2975 'x
