1894 3186
117 206 174 240 146

115 273 290 311 scribitur
313 276 430 308 status
450 272 622 309 Ecclesiae
646 283 806 318 sequens
825 283 887 308 ex·

110 320 326 358 altationem
357 318 620 365 praedictorum
650 321 886 363 Sanctorum,

115 368 203 414 quia
221 377 289 413 per
309 366 543 413 diligentiam
563 377 693 403 eorum
719 367 766 403 ad
792 377 888 412 prae-

113 414 329 458 dicandum,
360 415 439 459 J'am
460 414 554 450 fides
585 414 723 460 ubique
757 417 811 449 est
833 413 888 448 di-

112 462 274 508 vulgata.
298 462 338 497 In
354 461 424 497 hac
446 471 533 507 ergo
558 465 692 507 quarta
710 461 889 507 parabola

110 510 303 555 comparat
326 519 476 552 requiem
507 509 671 544 coelorum
698 510 887 552 serviente,

110 556 207 602 quod
242 558 426 601 acceptum
462 557 592 591 mulier
628 555 818 590 abscondit
851 556 889 589 in

109 603 225 639 tribus
242 604 375 646 farinae
395 603 499 638 scitis.
527 603 591 638 Est
613 605 739 638 autem
766 603 888 637 satum

109 660 288 686 mensura
308 648 347 685 in
366 649 566 685 Palaestina
591 648 744 694 capiens
770 658 888 684 unum

109 696 276 733 modium
298 699 333 732 et
355 696 564 732 dimidium.
587 697 757 741 Regnum
779 695 888 730 coelo-

110 754 193 780 rum
220 746 293 780 esta
316 742 481 779 Ecclesia
514 742 695 785 militans,
731 743 769 777 111
814 751 888 786 qua

108 791 206 826 Deus
226 800 295 837 per
314 790 429 825 fidem
456 792 603 835 regnat,
627 789 683 824 vel
716 788 888 824 doctrina

108 838 212 881 fidei,
225 847 307 882 quae
319 846 479 881 regnum
495 836 675 872 coelorum
685 835 885 881 praedicat;

106 883 241 920 mulier
261 885 386 919 autem
407 883 473 918 Dei
494 882 695 929 sapientia,
716 882 774 918 vel
802 881 886 918 dili-

107 930 234 976 gentia
272 931 494 965 Sanctorum
530 930 577 965 ad
606 929 888 975 praedicandum

107 987 375 1023 usquequaque
396 976 509 1011 fidem
531 976 769 1012 catholicam.
802 976 889 1012 Tria

107 1035 195 1059 vero
235 1027 316 1059 sata
347 1023 493 1067 farinae,
533 1026 620 1059 sunt
652 1027 728 1060 tres
760 1026 888 1070 partes
922 1038 924 1042 ’

107 1069 253 1115 muudi,
278 1070 418 1106 scilicet
453 1070 582 1115 :Asia,
601 1070 725 1107 Africa
747 1074 784 1107 et
815 1072 887 1106 Eu-
922 1087 925 1101 ι

105 1127 211 1164 ropa,
243 1117 300 1153 vel
334 1120 410 1153 tres
440 1117 593 1163 linguae,
616 1117 757 1154 scilicet
786 1119 888 1154 :He-

106 1165 223 1209 braea,
247 1164 377 1200 Graeca
406 1168 441 1199 et
475 1164 620 1201 Latina.
648 1166 889 1201 Fermentum

107 1215 247 1256 autem,
267 1210 354 1247 licet
377 1211 416 1246 111
446 1211 635 1257 Scriptura
655 1211 889 1257 frequentius

109 1258 313 1305 accipiatur
340 1257 378 1293 in
406 1258 520 1303 malo,
541 1269 585 1295 eo
615 1259 714 1304 quod
735 1261 791 1295 est
811 1269 890 1295 cor-

109 1306 313 1352 ruptivum,
340 1309 467 1340 tamen
486 1305 575 1351 quia
601 1305 701 1342 aliud
726 1308 781 1342 est
812 1305 887 1341 fer-

112 1354 281 1388 mentum
301 1351 464 1395 zizania),
487 1355 523 1388 et
546 1352 647 1388 aliud
662 1353 888 1388 fermentum

111 1398 237 1443 tritici,
264 1398 325 1434 1110
340 1398 520 1444 accipitur
540 1400 577 1435 111
603 1400 701 1436 bono
716 1402 886 1443 tantum3

111 1450 146 1481 ct
167 1449 322 1492 propter
348 1445 523 1481 virtutem
550 1446 750 1490 alterandi,
772 1445 889 1491 signi-

114 1492 201 1528 ficat
220 1492 377 1528 verbum
411 1492 690 1538 Evangelicum,
723 1493 822 1539 quod
842 1493 890 1529 ad

108 1539 220 1575 fidem
247 1539 506 1574 transmutavit
541 1550 716 1585 magnam
744 1542 889 1586 partem

110 1585 256 1630 mundi,
281 1588 317 1621 01
337 1586 458 1621 adbuc
477 1586 637 1631 amplius
660 1590 890 1622 transmuta-

108 1632 162 1669 bit
182 1634 315 1679 ipsum.
342 1632 446 1668 Unde
466 1633 503 1668 in
526 1634 661 1679 figura,
691 1634 727 1669 in
751 1635 887 1670 Pente-

106 1683 221 1723 coste,
238 1690 321 1725 quae
339 1680 599 1716 celebrabatur
617 1680 789 1717 aJudaeis
805 1691 890 1727 pro-

105 1729 189 1772 pter
209 1725 436 1762 beneficium
456 1727 564 1773 Legis
581 1728 887 1773 datae‚quinqua-

106 1774 251 1819 gesima
271 1773 330 1809 die
348 1774 394 1809 ab
417 1773 514 1809 exitu
533 1774 579 1810 de
609 1775 778 1820 AEgypto,
802 1785 887 1820 quie

104 1820 172 1856 fuit
194 1819 385 1865 Evangelii
408 1820 541 1866 figura,
565 1821 822 1858 offerebantur
847 1822 886 1857 111

106 1867 261 1913 templo,
282 1867 357 1902 due
373 1877 490 1912 panes
511 1867 556 1903 de
577 1868 700 1904 simila
720 1868 884 1904 fermen-

102 1916 192 1950 tata.
209 1915 342 1949 Mulier
359 1924 462 1959 ergo,
478 1914 516 1949 id
535 1917 589 1950 est
605 1915 669 1951 Dei
686 1915 884 1961 sapientia,

106 1961 164 1997 vel
179 1961 399 1996 Sanctorum
414 1961 607 2006 diligentia
621 1966 804 2007 acceptum
815 1964 887 2006 fer-

108 2010 279 2051 mentum,
315 2008 414 2053 quod
455 2012 607 2054 propter
641 2010 805 2045 calorem
827 2009 883 2045 in-

107 2054 309 2090 trinsecum
330 2058 365 2089 et
385 2054 588 2099 inclusum,
613 2056 746 2101 Legem
765 2058 884 2092 Evan-

108 2100 279 2147 gelicam,
298 2112 379 2147 quic
394 2104 449 2137 est
465 2103 535 2138 Lex
550 2104 702 2146 amoris,
732 2114 797 2139 seu
830 2114 887 2139 ca-

107 2147 240 2193 ritatis,
262 2147 427 2193 itemque
446 2149 631 2185 fervorem
654 2149 755 2194 fidei,
775 2150 887 2195 signi-

108 2195 213 2238 ticat3
242 2195 443 2236 abscondit,
469 2207 535 2232 seu
557 2197 681 2243 posuit
704 2200 743 2233 in
770 2198 886 2234 tribus

107 2242 241 2285 farinae
255 2243 357 2283 satis,
375 2243 483 2278 donec
496 2244 750 2287 fermentatum
767 2248 818 2280 est
833 2248 885 2280 to-

108 2291 197 2323 tum.
208 2289 285 2323 Hoc
294 2288 629 2327 enimfermentum
641 2291 805 2337 positum
817 2291 887 2328 fuit

111 2335 149 2371 in
173 2334 294 2370 tribus
321 2335 448 2371 mundi
479 2337 646 2383 partibus
672 2349 694 2375 a
717 2341 887 2385 tempore

109 2381 390 2428 Apostolorum3
409 2384 618 2430 etamplius
633 2388 804 2431 ponetur,
823 2385 886 2422 do-

109 2438 178 2464 nec
194 2428 439 2464 fermentetur
452 2432 584 2476 totum,
605 2435 641 2468 et
659 2432 886 2479 multiplice-

110 2478 169 2511 tur
196 2475 290 2511 fides
318 2475 511 2512 Trinitatis
538 2488 605 2524 per
634 2482 753 2515 totum
780 2490 888 2515 mun-

107 2521 195 2558 dum
211 2532 220 2565 3
242 2521 330 2567 quia
349 2521 437 2559 inde
454 2526 575 2560 totum
592 2535 687 2570 pene
706 2527 886 2563 mundum

105 2569 184 2614 jam
200 2568 465 2605 fermentatum
479 2574 514 2606 et
529 2570 754 2608 vivificatum
769 2572 807 2608 in
822 2575 887 2609 Ec-

108 2614 233 2651 clesiae
255 2625 388 2662 cerpus
411 2616 573 2654 crevisse
589 2618 771 2663 videmus,
792 2620 887 2656 sicut

113 2661 300 2698 modicum
335 2663 507 2699 fermenti
544 2675 720 2711 magnam
754 2666 886 2703 farinae

114 2718 276 2746 massam
296 2712 521 2747 transmutat
540 2711 579 2747 in
604 2712 659 2748 sui
678 2712 794 2759 ipsius
812 2714 884 2749 vir-

114 2758 243 2802 tutem,
268 2766 311 2792 ac
342 2756 503 2794 vivificat
535 2762 571 2795 et
598 2769 764 2796 crescere
783 2760 884 2797 facit.

118 2803 251 2839 Mulier
280 2806 416 2849 autem,
445 2803 481 2840 id
515 2809 568 2841 est
594 2806 719 2843 anima
744 2811 886 2851 sancta,

920 273 923 338 l

921 355 923 409 1

920 425 923 457 l

920 460 923 519 1

922 1832 926 2029 l

604 204 748 238 PRIMAE
786 202 943 237 PARTIS
981 201 1117 234 CAPUT
1155 200 1271 233 LXIV

967 269 1174 306 secundum
1196 270 1344 310 Beatam,
1368 279 1436 316 per
1459 273 1602 306 rectam
1621 270 1744 308 inten-

966 316 1120 360 tionem,
1137 326 1159 352 a
1172 316 1301 352 mundi
1315 316 1490 353 laudibus
1509 317 1744 362 occultando,

967 364 1155 399 abscondit
1175 363 1412 409 fermentum,
1435 364 1473 400 id
1497 368 1553 400 est
1573 364 1746 401 dilectio-

964 421 1067 455 nem,
1087 412 1126 446 in
1154 411 1271 446 tribus
1291 413 1382 446 satis
1399 413 1544 455 farinae,
1570 411 1608 447 id
1629 415 1686 448 est
1708 410 1748 448 in

965 457 1086 494 tribus
1120 457 1241 494 modis
1267 457 1461 504 diligendi,
1490 458 1632 494 scilicet
1665 469 1675 495 z
1705 469 1749 496 ex

966 508 1038 541 toto
1065 505 1183 547 corde,
1207 515 1252 540 em
1276 508 1352 541 tota
1377 507 1515 550 anima,
1542 508 1576 542 et
1599 517 1644 541 ecc
1671 509 1748 542 tota

965 554 1102 595 mente3
1125 552 1197 595 vel,
1219 551 1258 588 in
1281 552 1403 589 tribus
1426 552 1563 588 animae
1589 551 1747 597 viribus,

966 598 1107 635 scilicet
1120 609 1127 634 ε
1142 598 1333 644 rationali,
1347 599 1642 646 concupiscibili,
1655 599 1748 636 iras-

967 645 1081 690 cibili,
1101 644 1139 681 in
1159 645 1294 692 quibus
1313 645 1450 682 caritas
1477 647 1554 683 sive
1575 646 1746 683 doctrina

966 692 1223 737 absconditur,
1245 693 1365 729 donec
1382 695 1499 729 totam
1521 698 1685 730 mentem
1706 693 1745 730 in

966 739 1022 776 sui
1033 739 1302 786 perfectionem
1314 743 1538 784 commutet3
1552 741 1652 786 quod
1667 740 1749 787 qui-

966 786 1051 822 dem
1072 786 1132 822 1110
1151 786 1365 831 inchoatur,
1384 786 1502 822 sedin
1518 787 1643 824 futuro
1656 798 1744 834 per-

966 833 1125 869 ficietur.
1159 834 1368 869 Secundum
1394 835 1596 879 Hilarium,
1622 833 1747 870 farina

968 883 1024 916 est
1057 880 1163 926 plebs
1194 891 1237 916 ex
1270 880 1427 917 diversis
1462 881 1645 925 collecta;
1674 880 1747 917 tria

967 930 1062 971 sata,
1082 926 1217 973 triplex
1246 930 1363 963 status
1396 928 1578 972 fidelium,
1606 928 1748 964 scilicet

966 975 1058 1018 Noe,
1091 974 1238 1018 Daniel,
1257 975 1342 1017 Job,
1363 976 1420 1010 vel
1452 976 1540 1020 quia
1560 975 1606 1011 de
1626 975 1748 1012 tribus

967 1020 1056 1056 filiis
1076 1022 1154 1057 Noe
1174 1021 1356 1067 processit
1378 1024 1497 1057 totum
1525 1032 1644 1068 genus
1678 1022 1747 1058 hu·

967 1078 1134 1112 manum,
1163 1068 1221 1104 cui
1241 1068 1309 1104 Dei
1341 1067 1526 1114 sapientia
1564 1069 1680 1105 fidem
1714 1071 1749 1105 et

967 1114 1179 1159 caritatem,
1205 1117 1240 1151 et
1259 1125 1390 1151 sanam
1411 1116 1627 1152 doctrinam
1645 1125 1748 1152 eom-

967 1162 1121 1198 mendat
1159 1161 1200 1198 in
1241 1162 1433 1209 praesenti,
1470 1164 1590 1199 donee
1628 1166 1750 1199 totum

967 1209 1228 1254 fermentetur,
1265 1208 1303 1245 id
1344 1212 1399 1246 est
1441 1209 1562 1246 donec
1602 1209 1640 1245 in
1673 1209 1747 1246 fine

966 1255 1110 1300 mundi,
1137 1256 1323 1303 completo
1346 1267 1504 1293 numero
1526 1257 1745 1302 electorum,

966 1303 1098 1339 fideles
1151 1303 1200 1339 ad
1260 1303 1548 1339 resurrectionis
1588 1303 1748 1349 gloriam

966 1349 1202 1396 perveniant,
1224 1352 1262 1386 et
1282 1352 1371 1386 111110
1385 1351 1553 1396 perfecta
1573 1350 1746 1386 calefient

967 1395 1144 1441 caritate3
1173 1397 1285 1433 modo
1306 1397 1408 1433 enim
1444 1401 1501 1433 051
1526 1397 1625 1444 ignis
1659 1408 1745 1443 par-

968 1453 1051 1487 vus,
1072 1443 1137 1479 sed
1156 1446 1247 1479 tunc
1267 1445 1339 1480 erit
1358 1444 1539 1480 caminus.

1018 1503 1057 1526 12
1098 1491 1290 1526 PARABOLA
1318 1502 1400 1531 01111)
1429 1503 1495 1535 sir,
1523 1502 1564 1527 Er
1585 1502 1630 1527 DE
1650 1502 1745 1527 110110

966 1548 1136 1573 ,temnunt
1177 1538 1375 1573 Douixnii?
1412 1558 1455 1564 —-
1492 1540 1574 1574 Haec
1609 1540 1744 1583 omnia,

968 1583 1108 1619 scilicet
1142 1584 1324 1630 praedicta
1346 1587 1382 1620 et
1415 1584 1506 1621 talia
1535 1585 1666 1630 multa,
1695 1586 1746 1621 lo-

971 1634 1073 1666 cicius
1087 1634 1139 1667 est
1155 1633 1258 1667 Jeszis
1276 1632 1324 1667 ud
1343 1632 1468 1667 turbas
1486 1633 1721 1678 imperabatis
1737 1643 1745 1675 ;

968 1681 1004 1713 et
1042 1677 1127 1714 11001
1166 1678 1239 1714 alia
1277 1678 1397 1714 multa
1441 1678 1522 1715 sine
1559 1677 1749 1725 parabolis

967 1723 1103 1760 dixerit
1137 1724 1270 1768 turbis,
1294 1728 1381 1761 tune
1407 1728 1535 1762 tamen
1555 1725 1648 1761 nihil
1670 1725 1748 1762 sine

966 1771 1158 1817 parabolis
1182 1771 1274 1807 dixit
1294 1772 1362 1816 eis,
1384 1776 1423 1808 ut
1455 1772 1597 1809 scilicet
1627 1783 1751 1809 move-

967 1822 1100 1854 rentur
1120 1818 1167 1854 ad
1190 1819 1502 1864 interrogandum
1525 1819 1572 1855 de
1594 1819 1744 1856 auditis.

967 1865 1062 1908 Quia
1087 1865 1189 1901 enim
1210 1865 1426 1902 hominibus
1446 1866 1601 1903 rudibus
1622 1866 1747 1912 loque-

966 1912 1078 1948 batur
1099 1911 1146 1948 de
1164 1923 1282 1958 regno
1303 1912 1383 1956 Dei,
1408 1924 1500 1959 opus
1520 1916 1603 1950 erat
1622 1912 1747 1949 induci

967 1969 1031 1994 eos
1059 1958 1197 1995 talibus
1223 1959 1428 2006 parabolis,
1451 1967 1487 1996 01
1514 1971 1641 1996 rerum
1663 1970 1749 1996 sen·

967 2005 1131 2041 sibilium
1167 2006 1221 2042 eis
1259 2007 1496 2052 cognitarum
1534 2006 1746 2043 similitudi-

967 2053 1088 2097 nibus,
1103 2052 1150 2088 ad
1166 2052 1378 2090 divinorum
1396 2065 1533 2091 arcana
1549 2066 1557 2090 t
1574 2058 1615 2090 ut
1631 2065 1674 2090 ex
1688 2053 1748 2090 his

968 2110 1049 2145 quse
1065 2099 1212 2136 animus
1230 2100 1344 2140 novit,
1367 2105 1494 2147 surgat
1510 2102 1557 2137 ad
1576 2101 1744 2147 incogni—

967 2149 1017 2190 ta,
1038 2149 1073 2182 et
1092 2147 1259 2193 exemplo
1278 2147 1493 2192 visibilium,
1511 2148 1680 2194 rapiatur
1698 2147 1745 2184 ad

965 2192 1184 2238 invisibilia,
1200 2204 1242 2230 ac
1258 2204 1325 2240 per
1345 2205 1389 2230 ea
1408 2205 1490 2241 quae
1509 2195 1589 2231 visu
1600 2193 1744 2238 didicit,

966 2239 1085 2276 discat
1104 2250 1232 2277 amare
1256 2251 1338 2286 quae
1363 2252 1438 2278 non
1470 2241 1599 2286 novit·‚
1620 2244 1661 2278 ut
1682 2241 1745 2288 qui

965 2286 1135 2323 coelestia
1172 2297 1305 2334 capere
1340 2299 1417 2324 11011
1451 2291 1638 2335 poterant,
1680 2298 1747 2335 per

965 2333 1250 2370 similitudinem
1271 2338 1463 2372 terrenam
1484 2335 1612 2372 audita
1630 2335 1748 2382 perci-

992 2389 1111 2423 erent.
1133 2382 1316 2432 Hapassoki'n
1335 2388 1437 2424 enim
1464 2391 1606 2435 Graeee,
1638 2390 1743 2425 simi—

967 2434 1082 2470 litudo
1101 2433 1236 2470 dicitur
1256 2434 1398 2480 Latine,
1418 2446 1486 2482 per
1505 2446 1618 2482 quam
1645 2435 1743 2472 veri-

963 2484 1021 2517 tas
1058 2480 1351 2526 demonstratur,
1385 2486 1422 2518 et
1457 2482 1495 2518 111
1526 2493 1612 2528 qua,
1641 2481 1747 2519 aliud

963 2527 1112 2567 dicitur.
1136 2530 1172 2564 et
1195 2527 1296 2564 aliud
1315 2529 1589 2566 rationabiliter
1609 2528 1746 2566 intelli-

962 2574 1074 2620 gitur.
1107 2575 1209 2611 Unde
1241 2575 1365 2612 subdit
1390 2577 1487 2613 hanc
1519 2575 1742 2613 admonitio-

961 2631 1047 2657 nem
1067 2632 1074 2658 :
1093 2623 1175 2658 Haec
1194 2622 1329 2663 dicens,
1351 2624 1533 2660 clamabat
1556 2633 1564 2659 z
1585 2623 1655 2666 Qui
1674 2623 1739 2659 ha-

964 2668 1019 2704 bet
1037 2678 1142 2704 aures
1164 2669 1352 2714 audiendi,
1374 2671 1516 2706 audiat.
1540 2670 1658 2714 Quam
1681 2667 1740 2706 ad-

961 2714 1209 2752 monitionem
1241 2715 1344 2752 addit
1373 2716 1554 2753 Dominus
1584 2716 1622 2752 in
1647 2715 1738 2753 locis

960 2761 1142 2808 pluribus.
1177 2764 1284 2808 Nam,
1321 2763 1527 2800 secundum
1563 2765 1738 2808 Hierony·

960 2819 1070 2849 mum,
1081 2807 1303 2855 ubicumque
1313 2810 1464 2857 ponitur
1479 2811 1550 2848 1100
1563 2810 1734 2855 verbum,
