1894 3186
127 239 166 273 -20
591 233 738 267 PRIMAE
775 232 936 267 PARTIS
975 231 1116 267 CAPUT
1152 231 1293 266 XLVII.

126 319 214 346 nam
241 304 496 353 praedestinati
523 308 624 346 sunt,
652 314 719 349 per
741 304 901 350 gratiam

129 356 251 403 ejecti,
291 354 388 390 male
424 352 635 388 viventibus
675 355 710 386 et
743 352 902 387 terrenis

129 401 411 441 intendentibus
432 398 675 436 dominantur
693 410 701 444 ;
725 399 824 444 quod
845 402 903 433 ta-

128 462 215 490 men
255 459 331 486 non
369 447 510 484 faciunt
536 445 607 481 nisi
632 447 738 481 Jesus
767 455 900 480 conce-

130 501 205 543 dat„
230 496 319 545 quia
337 506 406 531 nec
426 494 541 530 malos
564 497 709 528 tentare
732 496 902 539 possunt,

128 548 197 584 nisi
230 544 395 593 potentia
428 542 554 578 divina
576 540 780 586 permittat.
807 539 902 574 Grex

127 605 216 632 vero
246 600 445 639 porcorum
478 599 500 624 a
535 588 697 633 Legione
728 586 767 621 in
801 596 903 621 mare

128 642 339 690 projicitur,
374 639 463 673 dum
487 646 552 680 per
576 635 764 669 daemones
786 633 903 667 malo-

128 701 213 726 rum
239 686 463 724 universitas
486 683 531 718 ad
556 681 777 717 infernalem
802 689 901 714 ama-

128 737 334 773 ritudinem
354 731 586 779 perducitur.
610 729 689 763 Non
716 730 904 771 repugnat

127 789 252 823 autem
270 782 369 828 quod
387 779 582 815 Matthaeus
606 776 650 810 de
671 775 814 809 duobus
832 773 904 808 dae-

128 831 321 871 moniacis‚
334 830 478 864 Marcus
487 834 573 858 vero
588 825 623 858 et
637 823 751 856 Lucas
761 821 804 855 de
825 830 900 855 uno

129 882 274 916 tantum
311 877 512 921 loquantur
541 882 549 915 ;
576 870 656 912 sed,
694 867 901 903 secundum

130 926 391 970 Auqusunum.
416 919 601 963 intelligas
625 925 756 966 unum.
771 923 901 966 eorum

127 974 238 1010 fuisse
280 978 447 1016 personae
480 965 637 1010 aliquus
669 962 837 997 clarioris
867 964 904 995 et

128 1019 351 1058 famosioris,
379 1015 450 1058 vel,
471 1012 674 1048 secundum
697 1010 904 1061 Chrysosto-

127 1079 238 1111 mum,
270 1063 435 1101 saevioris
471 1064 508 1094 et
544 1058 699 1093 insaniae
736 1064 902 1100 majoris,

128 1125 196 1161 pro
224 1124 297 1160 quo
325 1112 387 1146 illa
410 1109 513 1154 regio
538 1104 697 1140 maxime
721 1103 871 1138 dolebat
895 1112 903 1144 ;

128 1163 228 1209 quod
243 1161 409 1195 volentes
421 1154 632 1201 significare
648 1152 720 1186 (luo
736 1151 906 1194 Evange-

124 1211 231 1253 listae,
249 1208 370 1243 solum
396 1212 514 1238 unum
535 1197 905 1249 commemorandum

123 1256 402 1306 judicaverunt,
428 1250 472 1283 de
512 1258 585 1293 quo
614 1245 700 1281 facti
720 1246 828 1289 hujus
852 1243 904 1278 sa-

129 1315 190 1341 ma
211 1304 322 1339 latius
339 1297 630 1345 praeclariusque
652 1293 901 1335 fragraverat.

175 1355 194 1386 6
233 1351 406 1386 Cnmsrus
444 1356 465 1379 Α
513 1352 666 1377 REGmNE
702 1340 907 1374 Giznismo-

130 1410 200 1435 RUM
234 1405 402 1432 niscssnir.
439 1411 480 1416 -
504 1390 682 1425 Eaeierzmt
714 1390 832 1420 autem
854 1384 905 1419 illi

129 1445 301 1482 homines
322 1443 366 1477 de
389 1439 550 1481 civitate,
598 1438 629 1469 ot
651 1436 822 1469 venerunt
858 1432 906 1466 ad

129 1495 263 1528 Iesum.
286 1489 354 1526 Ubi
393 1489 495 1522 Titus
518 1497 528 1518 .·
569 1496 585 1515 «
611 1483 694 1516 lllos
714 1484 837 1515 autem
859 1479 906 1514 ad

131 1540 361 1576 Salvatorem
386 1534 490 1569 duxit
518 1530 643 1566 damni
669 1528 872 1562 necessitas
895 1539 905 1568 ,-

130 1587 348 1631 frequenter
369 1582 467 1616 enim
490 1580 585 1613 Deus
615 1575 785 1611 homines
806 1574 906 1608 dam-

131 1638 194 1669 nat
212 1634 248 1667 in
270 1631 382 1666 rebus
401 1624 596 1673 possessis,
617 1627 653 1658 et
674 1621 818 1656 confert
840 1621 905 1655 be-

131 1680 306 1716 neficium
350 1673 560 1710 animabus.
604 1684 621 1702 »
653 1671 699 1703 Et
737 1667 907 1702 homines

127 1730 252 1765 Jesum
274 1735 316 1761 ac
336 1722 434 1758 facta
448 1719 629 1760 videntes,
646 1715 782 1750 conscii
798 1714 908 1759 fragi-

131 1775 246 1810 litatis
278 1780 354 1806 suae
390 1768 493 1802 velut
524 1765 645 1800 adhuc
682 1762 836 1801 infirmi,
870 1764 907 1795 et

132 1818 330 1867 praesentia
348 1813 496 1851 Domini
528 1810 671 1855 indigni
686 1811 906 1851 reymerum

131 1870 237 1904 illum
264 1876 305 1900 ex
330 1861 555 1899 humilitate,
580 1860 619 1891 ut
643 1866 664 1890 α
688 1855 820 1899 finibus
847 1864 907 1888 eo-

130 1926 211 1951 rum
245 1910 454 1948 discederet,
490 1906 577 1950 quia
617 1904 743 1937 timore
775 1911 905 1943 maqno

133 1956 388 1998 admirationis
419 1959 455 1989 et
484 1950 703 1988 reverentiae
736 1948 904 1983 teneban-

131 2013 204 2045 tur.
243 2003 479 2049 Reputabant
514 1999 612 2034 enim
657 2006 695 2030 se
734 1995 905 2039 indignos

133 2058 236 2091 tanto
261 2054 411 2088 doctore
435 2052 470 2083 et
501 2046 581 2091 ejus
605 2042 902 2085 conversatione,

131 2103 227 2138 sicut
273 2096 449 2134 Centurio
497 2091 696 2137 reputabat
733 2100 771 2123 se
807 2088 905 2123 indi-

135 2158 250 2196 gnum
271 2150 374 2180 tanto
409 2141 566 2186 hospite,
600 2143 635 2173 et
660 2137 755 2171 sicut
774 2136 905 2170 Petrus

134 2191 346 2242 fragilitatis
379 2200 454 2224 sine
493 2195 637 2222 memor
673 2184 750 2218 ait:
788 2183 862 2218 Emi
883 2193 905 2216 α

135 2253 204 2286 me,
242 2241 330 2286 quia
375 2238 475 2271 homo
508 2234 676 2279 peccator
709 2240 801 2273 sum,
840 2231 906 2263 Do-

135 2292 243 2325 mine.
265 2286 327 2322 Vel
344 2284 452 2325 forte,
472 2280 529 2316 isti
554 2278 731 2314 Geraseni
762 2287 802 2311 ex
824 2286 907 2321 pee-

136 2335 227 2372 catis
251 2333 327 2369 suis
351 2329 472 2366 territi
499 2326 680 2362 timebant
715 2323 906 2358 offendere

136 2380 373 2429 praesentiam
410 2373 562 2417 Christi,
602 2377 638 2407 et
677 2381 742 2416 per
781 2380 907 2422 conse-

136 2439 253 2476 quens
302 2427 496 2461 incurrere
535 2427 683 2465 poenam
725 2426 906 2468 majorem

134 2472 375 2523 praecedenti,
421 2473 456 2504 et
500 2477 565 2512 per
611 2474 698 2500 eum
748 2464 907 2515 amplius

135 2532 249 2570 quam
268 2520 308 2556 in
327 2517 526 2554 amissione
548 2521 747 2558 porcorum
766 2511 909 2562 damni-

135 2569 254 2613 ficari,
279 2568 374 2603 sicut
399 2564 472 2600 Oza
494 2565 653 2606 tangens
675 2567 801 2593 arcam
826 2558 904 2593 Del.

134 2619 214 2663 Ipse
233 2617 352 2651 autem
376 2609 568 2646 ascendens
590 2607 714 2641 navim
737 2614 906 2655 reversus

134 2667 198 2709 est,
222 2667 261 2698 ut
297 2660 465 2696 infirmos
511 2655 714 2694 desereret,
766 2651 902 2702 quibus

136 2709 240 2748 oneri
258 2717 364 2744 suam
386 2701 621 2750 praesentiam
641 2709 721 2734 esse
742 2697 903 2732 videbat.

136 2759 206 2794 Ubi
226 2756 499 2801 chrysostomus
521 2760 530 2783 :
565 2760 583 2781 «
602 2746 760 2782 Attende
778 2748 904 2796 autem

137 2804 273 2841 Christi
303 2799 565 2840 humilitatem,
585 2797 783 2839 postquam
803 2800 904 2842 eni-m

136 2851 278 2888 collatis
296 2859 319 2885 a
342 2858 380 2883 se
394 2845 533 2881 talibus
550 2839 753 2883 beneficiis,
780 2841 906 2874 remit-

982 303 1110 340 tebant
1124 313 1223 347 eum,
1238 313 1316 339 non
1339 303 1475 347 obstat,
1491 302 1555 338 sed
1571 301 1725 338 discedit
1739 313 1748 347 ς

983 355 1020 386 et
1042 361 1104 387 eos
1126 351 1190 397 qui
1215 350 1355 395 seipsos
1390 350 1562 396 indignos
1598 359 1664 385 sua
1690 349 1750 384 do-

984 399 1104 434 ctrina
1143 398 1491 443 promulgaverant,
1537 395 1751 441 dereliquit,

984 445 1076 480 dans
1097 445 1150 481 eis
1170 446 1340 481 doctores
1365 444 1545 480 liberatos
1567 454 1589 479 a
1615 443 1755 478 daemo·

983 493 1109 538 nibus,
1135 496 1171 528 et
1189 502 1387 538 porcorum
1410 495 1590 537 pastores.
1613 503 1632 521 »

1031 555 1050 585 7
1068 541 1319 582 DAEMomAcus,
1336 550 1439 573 mma
1466 548 1667 573 DISCIPULOS
1681 547 1756 572 ‚NON

984 598 1166 631 ,inmissum
1207 599 1243 622 m
1274 598 1338 622 suff.
1378 597 1504 621 PA'rmA
1533 594 1756 619 PaAEmcaroa

984 645 1178 670 EFFICITUR.
1198 655 1239 659 —
1259 634 1416 677 Cumque
1433 634 1539 668 Jesus
1557 633 1681 666 navim
1703 639 1761 664 as-

984 682 1157 725 cenderet,
1181 681 1336 725 roqabat
1351 681 1469 722 illum,
1486 690 1528 714 ex
1544 678 1756 720 devotione,

981 731 1039 763 vir
1073 732 1239 771 sanatus,
1275 731 1315 762 ut
1344 737 1423 762 cum
1458 737 1495 761 eo
1529 728 1632 769 esset,
1671 723 1758 769 quia

982 781 1111 821 gratus
1133 776 1177 811 de
1197 774 1377 810 beneficio
1399 774 1467 808 sibi
1491 772 1641 814 collato,
1671 780 1757 806 eum

983 823 1088 867 sequi
1115 822 1276 857 volebat.
1311 823 1417 857 Josus
1443 824 1567 855 autem
1592 829 1662 854 non
1686 817 1756 852 ad-

982 871 1097 913 misit,
1131 869 1167 904 id
1190 873 1244 903 est
1265 879 1339 904 non
1360 868 1500 912 recepit
1523 877 1600 900 eum
1619 866 1664 900 ad
1702 865 1758 899 di-

984 916 1222 961 scipulatum,
1238 919 1389 960 propter
1413 913 1657 959 przecedentis
1675 922 1760 957 pas-

986 964 1099 998 sionis
1116 964 1335 1003 horrorem;
1357 966 1393 996 et
1415 972 1460 996 ne
1479 961 1757 996 adscriberetur

986 1010 1160 1053 dsemoni,
1189 1009 1288 1054 quod
1322 1009 1390 1043 iste
1420 1008 1573 1050 faceret,
1597 1007 1625 1041 si
1644 1007 1756 1041 (lisci-

986 1057 1096 1101 pulus
1144 1056 1283 1091 Christi
1303 1054 1442 1091 fuisset.
1485 1055 1535 1089 Ex
1558 1054 1628 1088 hoc
1667 1053 1748 1088 loco

985 1103 1168 1148 accipitur
1189 1106 1225 1137 et
1244 1106 1465 1137 consuetum
1493 1104 1547 1136 est
1571 1099 1610 1135 in
1637 1101 1759 1136 Eccle-

985 1150 1052 1194 sia,
1078 1150 1177 1195 quod
1197 1150 1417 1184 daemoniaci
1439 1152 1475 1183 et
1510 1148 1640 1183 furiosi
1679 1151 1759 1191 post

986 1199 1216 1233 curationem
1238 1206 1311 1231 non
1334 1199 1600 1241 promoventur
1629 1194 1675 1229 ad
1696 1205 1759 1229 ec-

987 1244 1189 1280 clesiastica
1208 1243 1344 1278 officia.
1369 1243 1437 1278 Sed
1475 1243 1652 1277 Dominus
1672 1251 1758 1276 oum

987 1302 1098 1337 quem
1121 1294 1315 1325 curaverat
1333 1299 1458 1324 secum
1473 1289 1607 1323 dut-ere
1624 1289 1757 1332 noluit,

988 1344 1027 1374 ut
1044 1338 1236 1385 jactantiae
1257 1346 1407 1371 causam
1439 1336 1555 1370 vitare
1578 1335 1725 1370 doceret
1747 1346 1755 1377 ;

987 1391 1023 1421 et
1075 1388 1225 1430 propter
1273 1383 1434 1418 fructum
1482 1382 1758 1427 praedicationis

989 1434 1107 1478 ipsum
1141 1432 1187 1467 ad
1213 1441 1299 1466 suos
1329 1429 1486 1470 remisit,
1514 1433 1553 1464 ut
1572 1439 1637 1474 per
1671 1439 1758 1464 eum

990 1481 1084 1524 aliis,
1101 1481 1367 1525 procuraretur
1385 1477 1483 1512 salus
1496 1482 1531 1511 et
1547 1475 1759 1511 infidelibus

988 1531 1084 1562 esset
1129 1525 1296 1570 exemplo
1334 1525 1409 1569 ipse
1449 1528 1611 1558 sanatus.
1654 1523 1758 1558 Unde

988 1584 1072 1609 eum
1099 1585 1120 1609 a
1154 1582 1219 1607 sua
1254 1572 1404 1616 sequela
1438 1570 1654 1615 simpliciter
1683 1579 1757 1604 non

987 1621 1147 1666 repellit,
1197 1619 1261 1654 sed
1312 1619 1429 1662 ipsum
1473 1616 1757 1662 praedicatorem

987 1668 1216 1713 magnalium
1253 1665 1464 1700 divinorum
1484 1663 1686 1707 constituit,
1722 1666 1759 1698 et

986 1716 1039 1749 ait
1064 1716 1123 1749 illi
1147 1726 1154 1750 :
1192 1713 1293 1748 Vade
1320 1714 1360 1746 in
1382 1712 1525 1746 domum
1562 1714 1674 1754 tuam,
1711 1710 1759 1746 ad

987 1765 1069 1796 tuos
1095 1760 1229 1805 quibus
1256 1769 1297 1793 ex
1331 1757 1452 1792 officio
1477 1757 1641 1792 caritatis
1675 1757 1758 1801 plus

989 1809 1141 1851 teneris,
1167 1809 1200 1840 et
1223 1806 1402 1840 annuntia
1424 1805 1501 1838 illis
1528 1807 1667 1848 quanta
1690 1804 1758 1838 tibi

985 1856 1159 1889 Dominus
1176 1854 1277 1895 fecit,
1302 1855 1334 1886 et
1350 1852 1404 1886 tui
1425 1853 1592 1885 misertus
1611 1853 1673 1893 sit,
1695 1860 1753 1885 sa-

987 1911 1080 1935 nans
1096 1905 1131 1935 te
1150 1901 1187 1934 in
1201 1900 1327 1933 anima
1348 1902 1384 1933 et
1403 1898 1441 1932 in
1463 1908 1631 1942 corpore.
1654 1899 1756 1933 Unde

988 1949 1207 1993 Theophilus
1227 1958 1237 1980 ε
1259 1958 1277 1979 «
1297 1945 1387 1980 Vide
1409 1944 1608 1980 Salvatoris
1630 1944 1756 1979 humi-

986 1995 1128 2029 litatem
1152 2005 1161 2038 3
1184 2003 1259 2028 non
1279 1992 1396 2028 dixit:
1423 1992 1607 2026 Denuntia
1629 1991 1756 2026 omnia

986 2052 1069 2086 quae
1096 2041 1183 2075 fecit
1203 2040 1284 2083 tibi,
1305 2039 1370 2074 sed
1389 2050 1396 2075 :
1415 2038 1548 2074 Omnia
1567 2048 1649 2083 quae
1671 2038 1759 2073 fecit

985 2089 1052 2123 tibi
1092 2087 1301 2130 Dominus3
1339 2085 1390 2120 sic
1424 2089 1463 2120 tu
1498 2095 1581 2120 curn
1619 2086 1757 2120 bonum

985 2135 1137 2180 aliquod
1165 2133 1346 2178 operaris,
1381 2142 1455 2167 non
1482 2131 1564 2176 tibi,
1593 2131 1655 2166 sed
1682 2132 1754 2166 Deo

986 2182 1180 2217 attribuas.
1211 2192 1237 2213 »'
1257 2180 1360 2214 Unde
1385 2183 1421 2213 et
1448 2179 1718 2221 chrysostomus
1745 2190 1755 2213 .-

987 2241 1004 2262 ‹<
1029 2230 1129 2263 Licet
1154 2231 1278 2262 autem
1304 2226 1385 2261 aliis
1417 2225 1554 2260 sanatis
1580 2225 1758 2269 praecepit

985 2274 1126 2311 nemini
1166 2274 1305 2317 dicere,
1335 2272 1600 2307 convenienter
1632 2277 1758 2306 tamen

983 2323 1069 2358 huic
1101 2320 1280 2367 praecepit
1298 2319 1397 2365 quod
1423 2319 1634 2362 annuntiet,
1663 2328 1755 2363 quo-

984 2370 1085 2404 niam
1124 2367 1245 2403 omnis
1283 2366 1386 2412 regio
1423 2365 1657 2400 daemonibus
1699 2365 1758 2400 de-

982 2420 1087 2451 tenta
1121 2415 1199 2450 sine
1238 2414 1314 2448 Deo
1354 2413 1542 2448 manebat.
1580 2424 1597 2444 »
1652 2411 1756 2447 Unde

983 2463 1095 2498 etiam
1128 2461 1395 2505 Auqustinus:
1436 2473 1451 2490 «
1488 2459 1593 2501 Quod
1629 2462 1754 2494 autem

982 2510 1043 2544 ille
1087 2512 1237 2544 sanatus
1281 2508 1381 2552 cupit
1423 2506 1501 2551 jam
1545 2516 1622 2540 esse
1669 2515 1754 2540 cum

982 2556 1143 2600 Christo,
1181 2559 1218 2590 et
1243 2553 1378 2589 dicitur
1405 2553 1463 2588 ei:
1496 2552 1597 2588 Vade
1622 2553 1660 2586 in
1686 2551 1754 2586 do-

982 2613 1078 2638 mum
1100 2606 1214 2644 tuam,
1238 2604 1271 2635 et
1290 2610 1402 2635 narra
1421 2601 1559 2644 quanta
1581 2598 1651 2633 tibi
1667 2598 1754 2643 fecit

979 2652 1086 2693 Deus,
1113 2649 1164 2684 sic
1189 2647 1423 2692 intelligitur,
1453 2649 1490 2681 ut
1513 2646 1667 2691 quisque
1693 2643 1753 2679 in-

980 2697 1124 2742 telligat
1137 2698 1218 2741 post
1239 2694 1494 2729 remissionem
1516 2695 1751 2737 peccatorum

979 2743 1212 2779 redeundum
1232 2739 1301 2776 sibi
1325 2750 1403 2775 esse
1423 2740 1460 2774 in
1486 2738 1750 2773 conscientiam

980 2792 1131 2833 bonam,
1155 2789 1250 2824 sicut
1273 2788 1311 2822 in
1336 2787 1501 2830 domum,
1527 2789 1563 2820 et
1586 2784 1750 2819 servien-

980 2838 1069 2873 dum
1089 2835 1290 2881 Evangelio
1314 2836 1464 2879 propter
1489 2831 1648 2868 aliorum
1691 2840 1751 2865 sa-
