1894 3186
167 190 218 243 42'
684 218 830 255 PRIMAE
867 223 1027 258 pians
1065 226 1201 261 CAPUT
1238 229 1280 263 L1

166 287 217 314 no
239 278 338 314 cultu
358 284 394 315 et
415 281 600 330 doctrina,
630 289 905 331 provideantur
927 303 950 329 a

169 328 439 364 communitate
458 330 496 366 in
522 336 792 377 temporalibus
821 349 950 375 neces-

166 373 280 408 saria.
312 375 392 410 Non
422 388 511 424 ergo
545 382 734 424 probibuit
768 386 820 421 eis
852 387 949 423 serre

164 422 377 457 necessaria
412 425 459 460 ad
497 431 802 467 sustentationem
837 434 949 480 hujus

165 466 266 512 vitae,
288 469 351 503 sed
392 476 434 506 ut
470 473 747 512 demonstraret
778 480 858 516 haec
896 482 948 517 eis

165 513 294 550 deberi
332 517 379 553 ab
414 519 486 555 illis
519 523 656 566 quibus
684 526 944 567 praedicarent.

162 560 240 597 Nec
265 567 418 601 omnino
454 572 490 602 et
518 570 738 615 simpliciter
771 577 948 622 praecepit

167 609 222 644 eis
253 609 338 654 illa;
380 614 442 648 sed
465 615 584 660 magis
613 618 658 651 ad
691 624 945 658 revocandum

161 663 294 692 eorum
314 657 487 696 affectum
511 663 556 697 ab
581 664 792 702 inordinato
813 679 943 705 amore

161 705 439 749 temporalium,
473 712 512 743 ut
546 720 618 745 non
648 720 862 756 quaererent
882 727 944 752 su-

161 752 387 797 pertlua,sed
406 755 460 790 eis
473 757 691 793 sufficerent
705 763 915 799 necessaria
933 776 943 809 3

160 805 244 841 quae
265 799 300 832 in
333 801 387 835 eis
423 813 494 837 nvn
532 804 725 842 defectura
764 809 943 846 Dominus

158 844 358 891 ordinavit,
394 848 517 884 (lamio
546 852 598 885 eis
624 857 846 895 potestatem
877 868 942 893 su-

156 892 285 927 mendi
317 904 373 937 ea,
396 895 443 931 ab
464 897 519 931 his
540 897 676 942 quibus
710 905 940 949 evangeliza-

157 936 264 982 bant,
296 944 333 974 et
360 942 411 976 sic
447 947 610 979 carnalia
636 952 837 994 meterent,
878 953 940 997 qui

156 985 370 1028 spiritualia
409 991 658 1028 seminabant.
694 996 767 1031 Nec
814 1002 939 1034 tamen

155 1030 420 1070 inobedientes
441 1043 541 1080 sunt,
573 1040 635 1083 qui
673 1042 716 1076 de
754 1054 820 1079 suo
854 1047 939 1091 Jure

153 1078 305 1114 cedunt.
335 1082 438 1118 Unde
455 1086 686 1129 Augustinus
706 1101 712 1124 :
736 1103 749 1121 «
775 1092 940 1137 Apparet

152 1127 277 1161 autem
300 1128 379 1163 liaec
400 1141 473 1165 non
496 1133 546 1167 ita
569 1137 789 1180 praecepisse
817 1140 939 1176 Domi-

150 1180 234 1216 nuS‚
280 1178 469 1221 tamquam
521 1180 767 1227 Evaiigelistae
813 1187 937 1223 vivere

150 1218 303 1255 aliunde
326 1233 400 1258 non
422 1225 596 1269 debeant,
617 1239 730 1273 quam
763 1231 816 1266 cis
839 1244 936 1277 prae-

149 1264 338 1312 bentibus,
360 1270 494 1316 quibus
527 1278 751 1312 annuntiant
771 1280 937 1327 Evange-

148 1311 440 1362 liun1.Alioquiii
466 1327 597 1356 eontra
615 1324 683 1358 lioc
707 1332 933 1372 praeceptum

146 1358 297 1396 fecisset
315 1365 523 1409 Apostolus.
552 1379 611 1413 qui
636 1372 773 1407 victum
797 1374 842 1409 de
859 1386 932 1410 ma-

146 1416 264 1442 nuum
290 1419 442 1447 suarum
469 1414 659 1451 laboribus
683 1421 930 1466 transigebat,

146 1462 195 1489 ne
228 1457 400 1501 cuiquam
434 1471 557 1505 gravis
588 1469 697 1507 esset,
728 1468 792 1501 sed
826 1473 930 1513 pote-

145 1505 280 1536 statem
323 1505 466 1541 dedisse
517 1511 716 1555 Apostolis,
771 1513 810 1548 in
857 1526 931 1561 qua

145 1547 288 1583 scirent
306 1552 374 1587 sibi
407 1554 476 1589 isia
497 1556 638 1593 deberi.
669 1559 760 1595 Cum
785 1562 885 1597 enim
909 1574 930 1598 a

144 1594 306 1631 Domino
334 1599 473 1643 aliquid
505 1604 723 1647 imperatur,
750 1608 820 1642 nisi
849 1610 928 1654 fiat,

144 1640 415 1681 inobedientia}
442 1649 548 1693 culpa
573 1656 648 1692 est;
687 1664 771 1689 cum
803 1661 927 1691 autem

143 1692 309 1734 potestas
330 1697 453 1738 datur,
484 1698 570 1731 licet
606 1699 740 1744 cuique
764 1713 837 1737 non
860 1705 926 1747 uti,

144 1739 182 1770 et
210 1740 401 1783 tamquam
439 1742 483 1777 de
525 1754 591 1779 suo
613 1746 696 1790 jure
719 1749 851 1785 cedere
875 1762 884 1786 :
908 1764 926 1784 »

144 1782 223 1818 haec
240 1786 485 1829 Aiiquscmus.

194 1844 235 1865 10
260 1832 349 1873 Quin
384 1846 518 1871 TUNICAE
553 1849 630 1873 DUAE
672 1852 713 1875 ET
752 1853 860 1879 vaA
891 1856 927 1880 IN

140 1886 251 1912 sensu
269 1884 541 1919 METAPHoRlco‘?
560 1905 602 1910 —
627 1887 668 1920 Et
690 1893 929 1931 nota‚secuii-

139 1922 228 1958 dum
269 1928 570 1974 Chrysostomum,
595 1943 641 1977 qu
661 1935 692 1969 ‚d
732 1937 926 1973 Mattliaeus

139 1973 177 2005 et
198 1970 320 2008 Lucas
343 1986 414 2010 iioii
439 1980 692 2015 calc-:aiiienta
715 1993 835 2028 neque
860 1986 924 2020 ba-

140 2017 264 2053 culum
289 2026 435 2065 portare
473 2032 704 2070 prriiiittunt,
728 2032 827 2074 quod
862 2043 923 2067 os-

137 2065 261 2100 tendit
299 2069 608 2111 pert'ectissiniuiii
651 2086 749 2119 esse;
777 2078 923 2114 Marcus

137 2120 227 2145 vero
247 2113 353 2157 jubet
373 2117 543 2153 baculum
565 2131 767 2165 assumere,
785 2128 821 2159 et
841 2137 923 2161 san-

138 2157 247 2193 daliis
268 2163 441 2204 calceari,
470 2169 568 2209 quod
593 2168 732 2203 dictuiii
757 2176 813 2205 est
834 2183 921 2217 per-

135 2204 299 2242 missive.
327 2210 428 2245 Unde
450 2218 485 2246 et
514 2214 603 2248 illud
632 2215 676 2250 de
701 2218 843 2253 duabus
862 2225 919 2255 tu-

133 2251 229 2286 nicis
256 2264 329 2289 non
374 2262 578 2304 portandis,
611 2270 763 2307 exponit
798 2268 921 2302 Hiero-

134 2307 279 2343 nymus,
314 2313 387 2337 non
421 2306 466 2338 ad
506 2308 680 2348 litterani,
722 2312 786 2347 sed
820 2315 918 2358 quod

133 2355 210 2380 una
231 2349 359 2384 tunica
379 2351 525 2387 dicatur
554 2356 819 2395 vestimentum
849 2371 917 2396 ne-

133 2401 350 2431 cessarium.
391 2403 554 2435 secunda
589 2406 834 2451 superfluum,
870 2418 917 2444 ne

133 2439 208 2475 alio
259 2442 381 2477 vestiti
418 2446 518 2481 aliud
559 2450 665 2484 nobis¹
705 2457 915 2490 tuturorum

131 2485 268 2522 timore
290 2500 492 2528 servemus.
514 2495 599 2539 Sed,
621 2498 649 2531 si
674 2508 746 2533 non
765 2505 916 2546 propter

130 2533 320 2580 timorem,
344 2540 459 2574 inulto
484 2542 603 2577 minus
627 2551 777 2590 propter
794 2552 917 2584 osten-

131 2581 329 2618 tationem.
361 2585 401 2619 In
429 2597 504 2631 quo
526 2594 913 2640 eoiiipreliemluntur,

131 2627 196 2672 qui
232 2631 421 2673 parthicas
458 2636 631 2680 vestiunt,
653 2643 689 2673 et
720 2650 826 2676 areas
853 2644 914 2678 im-

130 2673 248 2719 plent,
279 2682 314 2711 et
335 2679 398 2723 qui
420 2691 534 2725 equos
560 2687 771 2722 mutatoriis
798 2692 911 2725 vesti-

128 2726 341 2760 mentorum
376 2734 548 2764 onerant.
574 2731 676 2766 Unde
707 2738 744 2768 et
776 2735 910 2780 Λαρα-

129 2768 249 2803 stinus
271 2781 278 2804 :
305 2786 320 2802 «
339 2773 413 2808 Hoc
431 2774 474 2809 de
488 2777 628 2812 duabus
650 2781 785 2816 tunicis
804 2782 912 2819 intel-

130 2813 324 2861 ligendum
357 2824 426 2867 est,
461 2832 508 2858 ne
541 2824 738 2870 quisquam
776 2839 908 2867 eorum

1019 300 1155 341 praeter
1175 309 1256 334 eam
1278 310 1350 345 qua
1371 306 1467 337 esset
1484 302 1651 350 indutus,
1670 307 1799 356 aliam,

1018 345 1242 387 portandam
1267 351 1415 391 putaret
1437 352 1577 386 tuniain
1604 354 1798 399 sollicitus,

1017 400 1064 426 ne
1094 402 1184 436 opus
1216 401 1322 437 esset,
1346 406 1430 432 cum
1457 408 1499 432 ex
1531 399 1591 434 illa
1621 406 1800 444 potestate

1017 443 1139 482 posset
1166 440 1349 485 accipere.
1377 457 1394 474 »
1419 445 1458 478 ln
1481 444 1657 482 Matthfeo
1684 450 1798 487 etiam

1015 484 1104 519 etin
1121 487 1367 531 Marco,vir;.ra
1384 493 1567 536 accipitur
1583 495 1795 541 aequivoce;

1014 531 1051 566 in
1073 533 1246 569 Mattbaeo
1268 538 1368 571 enim
1397 541 1578 583 accipitur
1601 543 1798 588 metapho-

1012 579 1103 621 rice,
1129 584 1168 615 ut
1198 583 1242 616 sit
1276 593 1405 619 sensus
1432 597 1443 620 .-
1476 588 1599 631 Neque
1635 591 1795 635 virgam,

1012 626 1048 661 id
1068 631 1124 661 est
1147 638 1212 663 nee
1232 631 1405 666 minimas
1428 643 1501 676 res,
1523 636 1577 669 vel
1598 646 1671 670 non
1693 638 1793 673 inni-

1010 673 1143 709 tamini
1169 676 1334 711 subsidio
1353 680 1565 724 temporali,
1588 683 1686 718 sieut
1704 694 1789 720 cor-

1009 730 1078 765 pus
1113 720 1288 758 innititur
1325 726 1455 760 baculo
1486 731 1724 775 sustentanti,
1755 734 1793 767 et

1008 768 1213 812 similibus;
1245 772 1278 805 in
1301 773 1422 807 Marco
1442 779 1582 818 autem,
1607 777 1666 811 ubi
1693 778 1787 814 dici-

1007 818 1094 851 tur:
1118 817 1202 853 Nisi
1233 819 1377 861 virgam
1417 824 1570 863 tantum,
1609 824 1793 869 accipitur

1007 861 1054 896 ad
1071 862 1251 905 litteram,
1273 876 1337 908 per
1359 877 1471 911 quain
1494 874 1618 904 tamen
1646 869 1788 907 intelli-

1007 909 1108 954 gitur
1159 915 1320 954 potestas
1358 916 1565 958 aecipiendi
1604 921 1790 964 sumptus,

1007 965 1080 1000 qua
1097 957 1147 991 uti
1168 962 1381 1004 potuerunt,
1402 963 1455 996 vel
1486 973 1558 998 non
1584 966 1791 1008 uti‚secun-

1007 1002 1097 1037 dum
1119 1005 1217 1048 quod
1248 1006 1446 1043 voluerint.
1482 1011 1584 1045 Unde
1616 1012 1788 1049 doctores

1007 1049 1246 1094 Hebaeoruin,
1268 1052 1303 1087 in
1326 1054 1474 1096 signum
1497 1057 1690 1103 ‹iot-trinae,
1711 1059 1790 1095 vir-

1005 1106 1091 1141 gam
1115 1099 1151 1132 in
1177 1109 1297 1133 manu
1340 1103 1552 1146 portabant,
1575 1106 1663 1148 quia
1688 1106 1789 1151 apud

1004 1144 1153 1179 Judaeos
1175 1151 1392 1182 consuetum
1412 1154 1492 1184 erat
1520 1152 1709 1195 provideri
1733 1153 1787 1189 eis

1005 1190 1049 1225 de
1071 1192 1169 1226 victu
1197 1202 1219 1227 a
1256 1195 1391 1238 populo
1430 1207 1540 1240 quem
1584 1198 1784 1236 docebant.

1002 1235 1093 1273 Ideo
1121 1239 1292 1274 Christus
1327 1242 1455 1285 voluit,
1485 1245 1584 1288 quod
1625 1246 1703 1281 baec
1733 1247 1787 1283 eis

1003 1294 1068 1328 pro
1089 1285 1162 1320 alia
1176 1287 1384 1329 provisione
1402 1290 1606 1326 sufficeret.
1632 1293 1787 1329 Perhoc

1001 1331 1101 1366 enim
1122 1334 1404 1377 ostendebatur,
1427 1338 1525 1381 quod
1549 1340 1705 1383 populus
1726 1341 1786 1376 cui

1001 1379 1257 1422 praedicaliaiit
1294 1384 1490 1426 providere
1529 1387 1580 1419 eis
1605 1386 1782 1424 debebat.

1000 1425 1119 1470 Igitur
1146 1437 1219 1461 non
1250 1429 1422 1471 probibet
1451 1431 1630 1468 Dominus
1652 1444 1784 1487 neces-

997 1474 1159 1512 sitatem,
1181 1475 1243 1508 sed
1261 1477 1556 1520 superfluitatem
1575 1491 1582 1522 ;
1603 1484 1639 1514 et
1660 1482 1785 1525 prohi-

998 1519 1061 1554 bet
1091 1521 1333 1563 Evangeliuin
1372 1527 1685 1562 annuntiantibus
1724 1529 1782 1563 ni-

997 1566 1111 1601 miam
1160 1578 1287 1603 curam
1322 1575 1358 1604 et
1399 1572 1690 1609 sollicitudinem
1735 1575 1781 1612 de

997 1615 1281 1658 temporalibus,
1312 1627 1357 1651 ne
1375 1619 1489 1653 velint
1506 1624 1656 1663 portare
1679 1620 1781 1658 ultra

998 1671 1206 1696 necessaria
1226 1664 1341 1708 aliud,
1366 1664 1538 1701 timentes
1572 1668 1672 1712 quod
1705 1667 1778 1705 sibi

995 1707 1158 1743 ssdeeiat.

1048 1769 1083 1789 ιι
1144 1756 1356 1792 Fi-:smiwio
1420 1770 1466 1793 AD
1521 1772 1778 1799 PRAEMCANDUM

994 1812 1220 1838 NECESSAmA.
1254 1824 1290 1829 ——
1325 1806 1430 1846 item.
1464 1811 1503 1841 ut
1532 1808 1600 1843 sub
1637 1814 1779 1854 quanta

994 1848 1233 1884 festinatione
1252 1851 1297 1885 ad
1317 1854 1597 1895 przedicandum
1618 1867 1776 1902 pergere

994 1895 1155 1930 debeant
1202 1900 1433 1941 ostendatur,
1474 1901 1644 1945 adjunxit
1680 1917 1688 1939 :
1728 1905 1777 1940 Et

992 1944 1168 1977 nemmem
1188 1954 1252 1988 pei·
1280 1947 1374 1980 ciam
1394 1948 1663 1986 salutaveritis.
1692 1951 1775 1987 Non

991 1989 1210 2034 simpliciter
1249 1992 1508 2029 salutationem
1563 1996 1767 2043 prohibuit,

991 2036 1055 2070 sed
1105 2047 1189 2071 cuin
1233 2049 1338 2073 mora
1386 2045 1422 2074 et
1468 2042 1772 2081 confabulatione

991 2082 1087 2117 lianc
1107 2083 1188 2119 fieri
1225 2085 1365 2130 noluit;
1392 2097 1436 2122 ne
1466 2091 1660 2126 occasione
1677 2091 1773 2127 salu-

991 2131 1140 2165 tationis
1162 2130 1434 2175 impedirentur
1458 2145 1479 2169 a
1500 2146 1610 2171 eursu
1640 2138 1771 2181 praedi-

989 2176 1159 2220 cationis,
1180 2180 1381 2223 quominus
1401 2180 1473 2215 cito
1492 2183 1653 2219 salutem
1672 2195 1767 2229 prae-

988 2223 1157 2259 dicarent
1178 2227 1409 2261 auditoribus
1464 2229 1540 2274 Vel,
1577 2232 1769 2275 prohibuit

988 2280 1033 2305 ne
1057 2272 1277 2313 salutarent,
1297 2273 1437 2309 scilieet
1472 2286 1515 2311 ex
1534 2278 1765 2324 curiositate,

984 2318 1081 2353 sicut
1125 2320 1279 2363 quidam
1319 2322 1473 2362 iaciunt,
1519 2326 1581 2368 qui
1618 2335 1691 2360 non
1722 2336 1766 2362 ex

986 2365 1111 2399 studio
1138 2367 1296 2402 salntem
1317 2371 1469 2413 optandi
1488 2372 1651 2406 salutare
1673 2383 1765 2408 con-

982 2416 1204 2452 sueverunt:
1248 2416 1311 2449 sed
1355 2426 1431 2451 nou
1470 2418 1660 2460 probibuit
1693 2419 1765 2456 hoc

984 2458 1066 2493 sieri
1087 2470 1128 2494 ex
1153 2465 1322 2505 caritate,
1348 2467 1383 2497 et
1407 2464 1453 2498 ad
1475 2465 1762 2512 consulendum,

983 2516 1025 2540 ac
1041 2507 1166 2540 studio
1187 2510 1340 2551 optandi
1361 2512 1531 2546 salutem.
1550 2513 1615 2547 Ubi
1638 2516 1763 2549 osten-

983 2552 1084 2587 ditur
1098 2562 1238 2598 quanta
1258 2554 1450 2600 diligentia
1470 2563 1505 2592 et
1524 2558 1763 2597 festinatione

982 2600 1205 2644 praedicator
1237 2603 1337 2637 verbi
1377 2605 1492 2638 divini
1533 2606 1643 2641 debet
1674 2606 1764 2659 offi-

980 2646 1078 2681 cium
1107 2647 1178 2682 sibi
1207 2650 1418 2693 injunctum
1445 2662 1629 2694 exercere,
1671 2663 1762 2699 quia

978 2703 1054 2728 non
1074 2693 1186 2728 debet
1205 2697 1251 2730 ab
1269 2696 1392 2731 officio
1420 2698 1648 2744 hinusinodi,
1671 2710 1762 2745 pro-

979 2744 1062 2784 pter
1080 2741 1387 2787 familiaritatem,
1401 2755 1483 2779 cum
1500 2747 1625 2790 aliquo
1635 2750 1759 2783 retar-

978 2787 1073 2822 dari.
1100 2789 1143 2822 Et
1163 2790 1245 2823 ideo
1268 2792 1490 2829 praedicator
1512 2794 1669 2829 multum
1689 2794 1757 2846 de-

977 2832 1040 2869 bet
1058 2835 1236 2881 plangere
1257 2841 1414 2883 tempus,
1436 2849 1508 2883 quo
1535 2843 1759 2885 praetermit-
