1894 3186
138 207 203 240 120
642 210 788 244 PRIMAE
826 211 984 246 PARTIS
1021 212 1154 245 CAPUT
1192 212 1269 245 LXI

138 279 199 312 ata
241 277 354 323 Virgo
390 278 538 314 Martha
578 280 645 316 suit
678 285 714 318 et
755 283 875 319 Maria
900 295 907 318 t

138 324 296 376 Martha,
319 328 472 376 propter
494 327 657 364 studium
673 330 780 365 bonae
804 331 916 365 actio-

139 381 226 422 nis,
254 373 382 414 Maria,
411 376 564 419 propter
594 375 712 411 otium
749 380 914 412 contem-

137 417 501 470 plat-ionis..Martha
532 420 630 457 enim
670 426 706 458 et
739 424 859 460 activa
882 425 917 459 in

140 465 286 500 Christo
308 465 398 517 Filio
421 477 487 502 suo
510 467 590 512 fuit,
613 471 762 515 quando
790 472 917 506 omnia

140 521 255 564 opera
277 513 544 550 misericordiae
582 519 618 552 et
646 516 795 562 pietatis
818 518 917 553 circa

140 558 244 610 illum
266 561 443 605 exercuit,
457 564 492 596 et
512 573 639 598 curam
660 565 739 610 ejus
758 565 915 601 obnoxie

140 609 233 657 sicut
266 610 386 642 mater
419 608 519 653 egit3
544 609 581 644 in
623 612 799 647 memhris
837 613 916 657 ejus

140 655 267 695 etiam,
312 655 463 698 quando
505 656 705 700 Elisabeth,
747 663 914 703 cognatae

140 709 230 751 suge,
256 701 530 737 Praecursorem
560 704 706 739 Domini
736 705 912 750 parienti,

138 746 378 798 ministravit,
414 752 450 783 et
487 749 608 795 ipsum
638 752 913 787 Przecnrsorein

140 803 178 827 1n
201 795 382 829 cunabulo
404 795 507 840 fovit,
538 800 571 832 et
593 797 631 832 in
658 798 787 833 balneo
813 798 914 842 lavit,

139 840 287 885 aliaque
323 842 504 886 obsequia
543 844 689 889 utrique
725 845 917 880 humiliter

140 887 317 922 exhibuit.
336 888 414 922 Fuit
430 889 541 925 etiam
557 891 674 926 Maria
692 895 727 926 et
748 896 915 927 contem-

140 933 278 978 plativa
309 934 494 971 audiendo
525 937 705 982 Angelum
731 941 766 974 et
792 939 915 974 Domi-

141 990 230 1015 num
252 983 285 1014 et
307 991 390 1015 cuin
409 981 461 1017 eis
482 982 685 1028 loquend03
707 996 748 1020 ac
765 996 916 1021 servans

140 1029 175 1062 et
195 1026 392 1079 censeretis
409 1039 452 1064 ea
473 1039 554 1074 quae
574 1031 721 1067 videbat
739 1036 775 1067 et
793 1032 917 1068 audie-

140 1073 201 1109 bat
217 1084 250 1108 in
265 1074 376 1126 corde
389 1086 470 1119 suo,
481 1087 564 1121 quae
577 1088 651 1113 non
668 1078 735 1114 nisi
749 1082 916 1124 tempore

141 1131 209 1172 suo
230 1125 388 1173 aperuit,
409 1133 492 1157 cum
516 1123 656 1160 scilicet
678 1127 915 1172 Evangelium

141 1167 251 1203 scribi
272 1171 395 1219 coepit,
419 1172 455 1204 et
476 1173 565 1206 tunc
580 1171 706 1207 docuit
722 1174 917 1218 Apostolos

140 1224 184 1250 ea
205 1224 287 1266 quse
309 1215 502 1266 didicerat,
524 1216 563 1252 in
587 1229 659 1263 quo
681 1219 800 1255 activa
822 1224 913 1255 erat.

143 1260 229 1296 Ideo
252 1261 388 1297 dicitur
407 1262 466 1298 hie
486 1274 493 1298 :
515 1266 562 1299 Et
591 1267 673 1300 huie
709 1270 786 1301 erat
817 1278 916 1302 soror

141 1309 286 1343 nomine
306 1310 440 1344 Maria.
464 1311 548 1352 Quae
562 1314 661 1347 stetit
679 1316 854 1349 constans
878 1313 915 1348 in

143 1354 232 1398 fide,
255 1358 288 1389 et
311 1357 365 1390 ait
387 1367 394 1390 :
418 1359 579 1402 Domine,
600 1370 670 1394 non
693 1364 744 1395 est
764 1362 831 1395 tibi
852 1372 914 1395 eu-

142 1412 203 1445 rae,
230 1404 299 1437 ete.
325 1404 398 1438 Ista
430 1405 575 1440 Martha
609 1416 689 1451 quse
713 1408 913 1452 conqueri<

143 1452 205 1483 tur
226 1449 271 1483 de
300 1451 428 1485 sorore
450 1462 529 1495 sua,
552 1455 606 1487 est
627 1453 722 1489 ratio
744 1453 912 1497 interior,

143 1496 342 1531 attendens
365 1500 400 1531 et
423 1497 555 1533 videns
579 1499 710 1535 Filium
738 1511 845 1536 suum
868 1502 914 1536 ad

142 1546 301 1577 mortem
330 1545 595 1589 comprehendi
624 1546 721 1582 inter
742 1548 819 1582 hsec
841 1548 913 1583 sol-

79 1587 83 1591 ’
140 1588 241 1624 lirita
257 1590 414 1625 naturali
431 1592 705 1637 compassione,
723 1594 827 1639 quasi
843 1598 915 1629 sat-

142 1636 276 1688 agebat
316 1647 399 1672 eum
423 1636 604 1683 liberare;
629 1640 693 1675 sed
721 1641 835 1677 Maria
858 1645 913 1677 est

141 1686 237 1717 ratio
265 1684 450 1728 superior,
473 1687 731 1732 contemplans
746 1688 911 1723 divinam

141 1729 386 1774 voluntatem,
410 1735 445 1766 et
479 1733 675 1769 attendens
711 1738 828 1770 totum
858 1736 911 1771 fa-

141 1778 240 1812 ctum
263 1787 344 1812 esse
367 1788 407 1813 ex
428 1778 493 1814 Dei
515 1779 765 1824 ordinatione,
790 1782 910 1827 quasi,

142 1823 276 1858 sedens
291 1834 403 1875 ‘secus
423 1826 537 1870 pedes
555 1827 648 1872 ejus,
672 1828 848 1863 audiebat
869 1840 913 1864 ea

143 1871 373 1921 quaetFilius
413 1882 500 1907 suus
536 1874 758 1918 praedixerat
779 1876 824 1910 de
847 1887 912 1911 sua

143 1917 334 1960 Passione,
357 1920 392 1953 et
424 1919 662 1956 conformans
696 1932 734 1957 se
776 1922 911 1957 divina?

141 1963 321 1998 voluntati
337 1967 595 2002 consentiebat
611 1968 708 2012 quod
724 1969 775 2003 sie
790 1969 909 2005 fieret:

140 2010 193 2062 ita
216 2011 315 2062 quod
348 2012 452 2056 quasi
490 2013 584 2049 ratio
618 2015 771 2050 inferior
794 2017 912 2052 heatae

143 2058 304 2101 Virginis
326 2062 623 2104 conquerebatur
643 2062 688 2097 de
716 2063 910 2108 superiori.

144 2104 216 2139 Sed
237 2104 324 2148 quid
348 2108 551 2151 respondet
570 2108 762 2153 Dominus,
787 2110 914 2146 audia-

142 2160 250 2186 mus:
280 2153 441 2196 Martha,
471 2156 630 2199 Martha,
669 2158 827 2191 sollicita
863 2169 911 2202 es,

144 2200 182 2249 et·
198 2198 357 2233 turbaris
384 2211 468 2243 crya
491 2203 664 2246 plurima,
691 2203 777 2248 quia
804 2204 913 2240 beata

142 2245 253 2289 Virgo
279 2245 437 2282 sollicita
467 2247 548 2290 fuit,
578 2250 740 2295 quando,
768 2252 912 2287 Herode

143 2296 404 2336 persequente,
438 2293 475 2328 in
507 2297 702 2341 AEgyptum
740 2297 846 2343 sugit,
878 2303 913 2334 et

142 2338 290 2382 quando
319 2340 468 2375 Judaeos
499 2341 630 2378 Filium
655 2354 763 2379 suum
784 2356 911 2390 perse-

141 2388 298 2429 quentes
339 2387 531 2432 cognovit,
567 2400 672 2434 porro
712 2402 821 2426 unum
861 2397 912 2428 est

139 2433 391 2475 necessarium,
406 2433 557 2479 scilieet,
569 2439 609 2471 ut
627 2448 718 2472 unus
736 2441 913 2475 moriretur

141 2488 207 2523 pro
224 2480 373 2523 populo,
392 2484 425 2515 et
447 2492 518 2516 non
549 2486 624 2518 tota
654 2495 740 2528 qens
773 2490 907 2530 pereat.

143 2525 187 2578 Et
205 2525 340 2569 Maria,
363 2526 501 2563 scilicet
526 2529 621 2566 ratio
642 2531 825 2577 superior,
847 2544 908 2578 op-

142 2574 268 2622 temam
286 2576 427 2617 partem
460 2576 578 2619 eleyit,
600 2577 742 2614 scilicet
768 2579 807 2614 in
829 2591 908 2615 om-

141 2618 252 2654 nibus
285 2620 496 2657 consentire
530 2622 665 2660 divinae
704 2625 905 2672 voluntati3

142 2675 222 2717 (μιᾷ
241 2675 328 2711 pars
349 2666 431 2702 ideo
458 2679 528 2704 non
552 2672 739 2713 auferetur
777 2674 821 2708 ab
852 2685 906 2717 ea,

143 2721 231 2765 quia
254 2723 261 2746 ε
287 2714 346 2748 Sic
373 2717 533 2759 oportuit
560 2717 739 2753 Christum
756 2722 853 2765 pati,
876 2724 908 2755 et

140 2761 193 2792 tta
220 2761 357 2795 intrare
396 2763 435 2796 in
473 2764 627 2806 ylorz'am
662 2775 778 2801 suam.
803 2767 906 2802 Unde

137 2804 330 2842 Ansecmus
350 2819 361 2842 .-
383 2822 401 2840 «
420 2809 496 2845 Hoc
514 2810 706 2847 castellum
730 2814 829 2858 quod
847 2815 904 2849 in-

996 282 1107 318 travit
1125 285 1234 320 Jesus
1245 282 1764 330 singulariterintemeratam

996 329 1198 376 Virginem,
1226 332 1393 377 ejusdem
1427 333 1514 367 Jesu
1548 330 1765 376 genitricem

995 377 1163 421 Mariam,
1204 389 1269 423 per
1307 378 1589 414 similitudinem
1629 377 1764 423 accipi-

994 434 1088 459 mus.
1104 425 1305 461 Castellum
1323 425 1421 461 enim
1436 425 1571 460 dit-itur
1590 424 1765 470 quaelibet

992 470 1106 507 turris
1130 475 1166 507 et
1186 482 1313 507 murus
1336 472 1374 507 in
1396 472 1549 507 circuitu
1570 473 1663 516 ejus,
1683 481 1764 517 quae

993 518 1066 554 duo
1094 529 1175 554 sese
1211 518 1371 554 invicem
1400 519 1615 562 defendunt,
1638 517 1690 553 ita
1726 521 1766 553 ut

992 565 1119 600 hostes
1139 575 1205 611 per
1227 576 1373 601 murum
1393 567 1438 602 ab
1456 577 1554 608 arce,
1572 568 1607 600 et
1621 575 1642 600 a
1657 574 1764 600 muro

991 622 1058 657 per
1097 623 1222 648 arcem
1259 617 1468 649 arceantur.
1500 610 1762 658 Hujuscemodi

991 659 1144 695 castello
1166 670 1240 696 non
1269 660 1476 705 incongrue
1499 660 1609 704 Yirgo
1647 658 1762 694 Maria

990 705 1232 751 assimilatur,
1263 717 1373 752 quam
1400 706 1594 752 virginitas
1625 705 1761 741 mentis

991 756 1025 788 et
1047 753 1228 799 eorporis,
1250 754 1355 799 quasi
1381 765 1506 789 murus
1527 753 1577 788 ita
1598 752 1762 797 undique

990 800 1154 844 vallavit,
1190 803 1229 835 ut
1263 800 1353 836 nulli
1398 811 1575 846 umquam
1616 799 1762 836 libidini

991 849 1088 883 esset
1117 847 1164 882 ad
1197 858 1279 883 eam
1307 858 1491 891 accessus,
1523 858 1590 882 nec
1628 856 1762 882 sensus

991 895 1070 940 cJ'us
1090 894 1215 939 aliqua
1241 894 1492 940 corriperetur
1515 894 1701 929 illecebra.
1720 894 1762 928 Et

992 941 1078 986 quia
1097 940 1362 985 virginitatem,
1380 952 1462 976 cnm
1481 940 1595 976 libido
1613 940 1762 975 vincere

992 998 1067 1022 non
1104 988 1231 1032 possit,
1255 987 1349 1023 solet
1388 987 1607 1033 impugnare
1638 996 1763 1032 super-

992 1034 1066 1078 bia,
1092 1036 1148 1069 est
1177 1034 1215 1069 in
1239 1034 1370 1070 eadem
1407 1034 1619 1079 virginitate
1647 1032 1763 1069 turris

991 1080 1227 1124 humilitatis,
1248 1091 1399 1117 omnem
1426 1081 1610 1126 repellens
1633 1090 1761 1125 super-

992 1128 1103 1163 biam.
1128 1130 1256 1173 Itaque
1286 1129 1365 1164 hoec
1396 1128 1483 1171 duo,
1508 1137 1634 1162 murus
1659 1126 1762 1162 vide-

991 1175 1074 1210 lieet
1099 1174 1324 1219 virginitatis
1346 1178 1379 1210 et
1404 1174 1518 1210 turris
1540 1172 1762 1210 humilitatis

990 1223 1036 1257 ab
1076 1222 1256 1257 alterutro
1296 1221 1540 1264 muniuntur,
1584 1224 1621 1256 ut
1658 1230 1763 1256 num-

989 1279 1101 1314 quam
1138 1268 1176 1303 in
1213 1268 1344 1304 humili
1382 1268 1535 1313 Virgine
1562 1268 1672 1303 suerit
1695 1277 1763 1303 nec

990 1316 1150 1361 superba
1196 1315 1404 1360 virginitas,
1454 1325 1520 1351 nec
1566 1314 1763 1360 inquinata

990 1361 1199 1407 humilitas3
1223 1362 1288 1397 sed
1304 1373 1451 1405 semper
1472 1361 1509 1396 in
1529 1362 1660 1397 eadem
1680 1371 1763 1408 per-

990 1408 1170 1445 manserit
1210 1412 1246 1444 et
1281 1409 1430 1444 humilis
1476 1408 1686 1454 virginitas,
1727 1410 1761 1443 et

989 1455 1182 1501 virginalis
1215 1455 1418 1491 humilitas.
1451 1457 1537 1491 Duae
1576 1455 1656 1490 istae
1692 1456 1760 1490 Be-

990 1502 1127 1538 thanise
1165 1513 1327 1547 sorores,
1357 1503 1451 1538 sicut
1481 1503 1597 1538 sancti
1630 1503 1761 1537 Patres

988 1549 1206 1595 plenissime
1226 1553 1491 1596 exposuerunt.
1509 1550 1599 1584 ‹luas
1615 1548 1654 1584 in
1673 1559 1759 1584 san-

989 1600 1047 1632 cta
1082 1596 1246 1632 Ecclesia
1283 1596 1376 1632 vitas
1409 1597 1637 1641 designant:
1668 1597 1761 1631 Mar-

989 1644 1078 1687 tha,
1116 1643 1257 1679 scilicet
1290 1645 1468 1687 activam;
1513 1642 1630 1678 Maria
1670 1652 1759 1678 vero

988 1690 1331 1736 contemplativam.
1355 1692 1427 1726 Ista
1466 1691 1612 1726 laborat
1632 1689 1679 1725 ad
1703 1699 1761 1724 ex-

989 1737 1152 1773 hibenda
1173 1737 1356 1782 indigenti
1373 1739 1497 1773 omnia
1514 1735 1758 1772 humanitatis

988 1784 1137 1828 osticia3
1162 1784 1226 1820 illa
1254 1788 1360 1820 vacat
1387 1788 1422 1820 et
1450 1784 1562 1827 videt,
1589 1784 1760 1828 quoniam

987 1833 1112 1866 suauis
1133 1834 1184 1866 est
1203 1833 1388 1866 Dominus.
1414 1833 1487 1866 Ista
1524 1831 1621 1866 circa
1657 1832 1760 1866 exte-

988 1877 1088 1913 riora
1115 1881 1342 1923 occupatur;
1372 1878 1434 1913 illa
1467 1877 1645 1913 interiora
1677 1887 1760 1912 con-

988 1925 1201 1970 templatur.
1225 1926 1326 1961 Sient
1351 1931 1475 1961 autem
1501 1925 1617 1960 Maria
1638 1923 1761 1969 singu-

988 1971 1076 2006 laris
1093 1974 1148 2007 est
1169 1973 1287 2007 Mater
1304 1972 1466 2015 Domini,
1489 1972 1540 2008 ita
1555 1976 1590 2007 et.
1606 1971 1760 2007 effeetus

987 2018 1143 2054 istarum
1170 2020 1343 2063 vitarum,
1367 2030 1525 2065 quarum
1556 2019 1636 2054 istae
1676 2017 1758 2053 duae

987 2076 1135 2101 sorores
1161 2069 1288 2112 typum
1314 2070 1454 2110 tenent,
1484 2068 1519 2100 in
1551 2076 1594 2101 ea
1622 2064 1760 2101 exstitit

987 2112 1199 2157 singularis.
1230 2114 1437 2159 Numquam
1460 2113 1496 2148 in
1517 2112 1642 2157 aliqua
1669 2121 1759 2157 per-

988 2170 1093 2204 sona,
1129 2159 1203 2195 imo
1238 2159 1275 2194 in
1307 2160 1494 2203 omnibus,
1527 2159 1673 2194 Martha
1706 2157 1758 2193 sic

987 2209 1042 2241 est
1062 2209 1236 2252 operata3
1258 2217 1462 2252 numquam
1490 2206 1541 2241 sie
1567 2205 1660 2241 alias
1682 2206 1756 2240 Ma-

986 2253 1042 2288 ria
1055 2253 1361 2298 contemplationi
1379 2253 1534 2296 vacavit3
1553 2261 1757 2298 numquam

987 2299 1038 2335 sic
1059 2299 1152 2335 alias
1172 2300 1252 2335 haec
1272 2301 1329 2335 vel
1357 2300 1420 2335 illa
1446 2300 1543 2346 quod
1570 2310 1678 2335 suum
1702 2301 1758 2334 est

986 2346 1162 2382 exhibuit.
1199 2347 1364 2382 Alteram
1395 2349 1576 2383 Mai-tham
1613 2349 1648 2382 et
1680 2347 1755 2381 Ma*

985 2393 1079 2429 riam
1106 2394 1201 2438 dico,
1229 2397 1286 2430 ast
1312 2405 1441 2430 eorum
1469 2392 1757 2439 significantiam

985 2440 1164 2486 intelligo.

1035 2502 1074 2523 10
1112 2488 1218 2523 Aeno
1256 2499 1292 2524 m
1336 2500 1446 2524 emm
1481 2489 1645 2528 VIRGINE,
1688 2497 1758 2527 QUA

984 2546 1114 2570 PARTES
1135 2536 1294 2570 MARTHAE
1315 2547 1492 2571 munitur.
1517 2557 1561 2561 ——
1583 2534 1654 2570 Sed
1674 2534 1754 2579 jam

984 2582 1177 2618 videamus
1216 2582 1402 2618 actionem
1439 2583 1550 2628 hujus
1584 2581 1752 2623 Marthae,

983 2628 1118 2664 deinde
1137 2628 1379 2674 conjiciamus
1398 2627 1762 2678 contemplationem?

982 2675 1092 2721 huJus
1114 2675 1263 2718 Mariae;
1285 2678 1320 2712 et
1345 2680 1384 2711 ut
1404 2677 1548 2721 plenius
1573 2675 1611 2711 id
1637 2674 1750 2709 facia-

982 2732 1076 2767 mus,
1096 2722 1183 2768 quid
1214 2722 1276 2758 alii
1299 2733 1366 2768 per
1389 2724 1571 2758 Mai-tham
1600 2730 1755 2767 operan-

980 2771 1053 2812 tur,
1077 2769 1219 2815 etquid
1254 2770 1323 2805 ista
1356 2773 1509 2815 operata
1529 2772 1597 2812 est,
1626 2766 1752 2804 confe-

980 2825 1120 2852 ramus.
1155 2815 1225 2852 Alii
1261 2816 1445 2863 hospitem
1480 2815 1682 2863 quemlibet
1714 2814 1752 2849 in
