1894 3186
183 184 243 217 240
647 183 792 217 PRIMA«)
828 182 986 216 PARTIS
1023 182 1157 215 CAPUT
1196 182 1356 215 LXXVII

185 253 235 289 tia
258 252 468 298 longiorem
489 263 692 299 prorogare
713 253 799 290 huie
819 264 959 299 corpu-

184 300 285 336 seulo
300 310 457 344 moram,
471 300 500 336 si
513 300 723 347 voluptates
736 301 869 347 quibus
885 311 958 336 ma-

178 348 241 394 jor
274 357 362 394 pars
391 347 588 384 hominum
614 348 724 395 perit,
754 348 958 394 poterimus

184 405 330 440 regere,
366 398 404 430 et
424 406 596 431 coercere
620 407 628 431 z
652 410 669 429 »
697 397 778 431 haee
811 398 957 439 Seneca,

183 443 341 488 Propter
360 443 632 479 abundantiam
654 454 801 489 quoque
831 446 867 478 et
896 454 957 477 su-

180 489 432 536 perssuitatem
481 490 650 526 ciborum
695 494 731 525 et
785 493 956 535 potuum,

181 547 282 573 mors
325 537 529 583 plurimum
556 537 800 574 acceleratur.
829 537 958 572 Plures

178 584 278 621 enim
299 595 341 620 ex
358 585 564 630 repletione
586 596 696 630 quam
725 595 766 620 ex
788 587 957 620 attenua-

177 631 278 668 tione
308 632 532 668 moriuntur.
564 632 669 667 Unde
702 631 790 667 dicit
823 633 959 676 Hippo-

176 682 307 723 crates,
324 679 423 724 quod
443 690 485 715 ex
501 678 748 725 plenitudine,
772 688 957 724 quaecum-

177 737 251 773 que
287 726 528 772 {egritudines
574 729 817 772 generantur.
863 725 955 761 Vitae

178 774 291 810 etiam
330 783 537 820 pauperum
575 773 701 808 nullus
737 772 954 808 struitinsi-

177 820 280 864 dias;
300 821 433 856 divites
453 823 578 856 autem
600 820 637 854 in
656 819 758 855 omni
784 820 879 863 loco,
904 819 955 855 ci-

175 868 222 905 bo
244 871 280 904 et
299 871 403 913 potu,
431 867 563 902 timent
584 877 660 902 eas.
698 867 803 903 Unde
844 869 954 902 Theo-

171 916 299 962 philus
325 928 334 950 :
361 928 377 948 «
401 915 477 949 Hoe
508 913 599 949 dicit
629 914 811 950 Dominus
846 915 955 950 refel-

177 964 258 998 lens
280 972 479 998 avarorum
495 960 738 1006 intentiones,
755 961 817 1008 qni
832 961 955 997 viden-

177 1014 237 1046 tur
257 1009 327 1045 sibi
347 1019 569 1044 coacervare
585 1008 748 1053 divitias,
765 1008 870 1055 quasi
891 1009 954 1044 diu

176 1056 322 1092 victuri.
364 1056 435 1092 Sed
472 1055 654 1101 numquid
693 1059 729 1092 te
765 1056 954 1102 opulentia

176 1105 389 1150 longaevum
413 1102 580 1140 efficiet?
613 1103 707 1146 Quid
733 1103 848 1149 igitur
872 1114 951 1139 ma-

176 1151 310 1188 nifeste
349 1150 509 1187 sustines
550 1150 651 1186 mala
688 1154 764 1186 tam
801 1150 953 1186 incertae

178 1198 315 1246 quietis
329 1198 346 1233 ἰ)
380 1199 471 1233 Nam
497 1198 653 1233 dubium
674 1200 730 1233 est
750 1208 796 1233 an
816 1197 953 1233 debeas

177 1246 345 1293 atginere
385 1245 544 1289 senium,
588 1245 692 1290 eujus
724 1244 845 1290 gratia
876 1245 954 1280 the-

178 1293 344 1330 saurisas
369 1303 377 1328 :
402 1309 417 1323 n
442 1293 521 1328 haee
545 1293 776 1337 Theophilus,

225 1344 245 1376 5
267 1342 472 1377 SnnLiruno
494 1351 620 1375 niviTis
641 1351 781 1374 nonam
800 1350 952 1374 DESTRU-

177 1401 242 1425 nnn
261 1399 445 1423 VOLENTIS.
470 1408 515 1414 -η
537 1388 582 1421 Et
605 1387 651 1422 ad
691 1387 951 1421 detestandum

177 1435 388 1478 avaritiam,
427 1437 463 1469 et
497 1434 544 1469 ad
578 1443 685 1468 suum
718 1433 951 1478 propositum

179 1482 459 1523 declarandum,
481 1479 622 1515 inducit
654 1478 948 1514 similitudinem.

179 1530 283 1567 Unde
303 1529 401 1564 idem
426 1528 644 1572 Theophilus
667 1537 675 1561 z
701 1540 716 1559 α
737 1526 825 1561 Dico
853 1526 951 1571 quod

178 1589 220 1614 ex
254 1574 448 1613 affluentia
477 1585 589 1619 opum
631 1584 705 1608 non
746 1573 953 1619 protelatur

177 1624 255 1661 vita
279 1625 458 1659 humana.
482 1635 499 1655 )›
531 1621 586 1657 Ad
613 1621 722 1665 hujus
749 1621 861 1656 tidem
890 1631 952 1666 pa-

178 1671 346 1708 rabolam
374 1669 498 1706 subdit
532 1670 727 1704 :Hominis
760 1668 950 1713 eujusdam

179 1720 308 1754 divitis
326 1718 450 1753 uberes
472 1718 616 1760 fruetus
638 1726 724 1759 uper
747 1717 886 1759 attulit,
914 1714 950 1750 id

180 1771 236 1803 est
254 1765 488 1802 abundantes
509 1766 545 1798 et
565 1763 679 1798 multo
693 1763 820 1808 plures
839 1773 949 1807 quam

178 1813 287 1850 solito
324 1823 436 1848 cursu
470 1809 679 1853 consuevit3
703 1813 736 1844 et
770 1810 951 1853 eogyz'tntant

176 1871 254 1907 prae
288 1858 551 1901 sollieitudine,
592 1856 678 1902 quia
719 1856 951 1891 abundantia

176 1907 391 1944 divitiarum
420 1904 559 1940 inducit
591 1903 893 1946 sollicitudinem,
915 1908 951 1938 et

176 1966 244 2002 per
276 1963 511 1998 consequens
553 1950 667 1987 animi
707 1950 948 1994 anxietatem,

176 2002 263 2048 quia
284 2012 358 2037 non
376 1999 548 2046 supplent
570 1997 827 2043 indigentiam.
846 1997 951 2043 Cogi-

174 2050 291 2093 tabat,
321 2048 488 2093 inquam,
509 2048 608 2081 intra
643 2057 678 2080 se
711 2046 846 2088 dicens,
874 2056 949 2080 non

176 2100 279 2132 extra
300 2106 338 2132 se
358 2095 567 2141 proferens,
589 2104 634 2128 ne
656 2092 847 2128 audiretur
868 2103 876 2135 3
897 2091 949 2127 di-

174 2154 238 2180 ves
274 2142 373 2179 enim
405 2152 540 2177 avarus
574 2150 722 2176 omnem
756 2138 948 2175 hominem

173 2190 292 2226 timet.
326 2191 431 2232 Nam,
465 2187 669 2224 secundum
691 2188 947 2231 flamininum,

173 2237 273 2273 videt
294 2236 460 2279 divitem,
480 2239 515 2271 et
536 2234 945 2279 aestimzitpraedonem3

171 2285 273 2320 videt
290 2294 507 2330 pauperem,
528 2286 564 2318 et
579 2281 791 2328 suspicatur
812 2282 945 2316 furem.

174 2332 270 2375 Quid
307 2333 457 2374 faciam,
495 2331 677 2374 quianon
714 2329 847 2363 habebo
879 2338 947 2372 quo

173 2388 383 2422 eonqreyem
415 2379 558 2420 fruetus
590 2378 712 2411 meos?
749 2375 947 2420 Angustia-

172 2426 283 2462 batur
304 2425 371 2459 iste
399 2423 501 2458 dives
523 2434 564 2458 ox
591 2424 793 2468 opulentia,
823 2421 947 2457 infelix

170 2472 211 2510 in
248 2470 498 2518 przesentibus
536 2470 660 2513 bonis,
702 2468 886 2504 infelicior
907 2468 945 2504 in

171 2518 307 2556 futuris
326 2530 334 2561 ς
360 2528 450 2562 ager
472 2516 573 2552 enim
592 2518 624 2551 ei
646 2527 719 2551 non
758 2520 833 2551 tam
860 2516 945 2551 red—

173 2567 286 2611 ditus,
309 2575 421 2611 quam
451 2566 610 2610 gemitus
641 2564 765 2598 attulit
796 2562 944 2607 gravio-

171 2625 255 2658 res;
281 2616 318 2649 et
338 2611 551 2648 sollicitudo
573 2609 687 2645 nimia
707 2610 823 2645 crevit
845 2609 877 2644 ei
902 2620 945 2644 ex

171 2660 342 2703 avaritia,
372 2662 407 2694 et
426 2656 598 2702 augustia
624 2668 665 2691 ex
688 2656 870 2691 satietate.
898 2659 946 2692 Et

172 2709 271 2744 dimit
291 2719 299 2743 :
321 2708 394 2742 Hoc
423 2706 573 2749 faeiem.
605 2706 794 2738 Destruam
819 2705 945 2738 horrea

172 2766 252 2791 mea
273 2758 305 2790 et
327 2753 470 2798 majora
500 2752 651 2796 faeiem.
689 2752 768 2785 Non
795 2754 943 2796 oporte-

170 2803 236 2839 bat
257 2811 342 2838 eum
363 2801 500 2836 horrea
518 2798 690 2842 dilatare,
707 2797 804 2834 bene
836 2800 944 2834 erant
975 2827 978 2835 .

1032 253 1170 288 horrea
1186 256 1330 299 parata,
1354 253 1493 289 scilieet
1504 263 1709 300 pauperum
1728 263 1810 289 esu-

1030 299 1209 335 rientium
1229 303 1397 344 ventres3
1432 301 1497 336 sed
1533 311 1608 336 non
1635 300 1806 336 meminit

1032 347 1241 383 eommunis
1260 351 1418 392 naturae,
1440 359 1507 383 nee
1534 347 1674 383 sciebat
1701 347 1804 392 eogi-

1031 397 1125 437 tare,
1147 394 1218 430 nisi
1239 395 1284 431 de
1306 394 1594 441 congregatione
1615 398 1804 441 tempora-

1032 441 1070 487 li,
1093 452 1168 477 non
1195 442 1240 478 de
1264 443 1419 488 eoelesti,
1439 443 1544 488 cujus
1562 444 1699 478 horrea
1718 444 1806 478 sunt

1030 499 1216 535 pauperes
1255 489 1404 526 Christi.
1439 492 1486 525 Et
1523 491 1633 535 illue,
1668 489 1804 535 inquit,

1031 538 1265 581 eonqreyatm,
1289 548 1372 573 eum
1394 548 1413 573 e
1438 537 1626 573 contrario
1650 537 1805 573 deberet

1031 583 1174 619 dicere:
1190 584 1403 631 dispergam
1420 584 1543 620 dando
1559 583 1801 630 pauperibus,

1031 632 1151 666 omnia
1169 643 1246 676 quae
1267 636 1354 668 nata
1370 636 1455 667 sunt
1472 633 1576 676 milti,
1596 631 1633 667 id
1650 635 1704 667 est
1720 641 1806 677 pro-

1029 681 1112 724 pter
1133 689 1192 714 me
1216 679 1351 723 solum,
1378 679 1435 715 vel
1471 689 1553 715 meo
1598 679 1739 721 labore,
1771 681 1804 714 et

1032 727 1122 761 bona
1155 737 1246 769 mea,
1281 726 1318 761 in
1341 737 1412 772 quo
1435 725 1524 761 dicit
1548 724 1801 769 mendacium,

1030 774 1117 818 quia
1132 784 1174 809 ex
1190 773 1385 819 iniquitate
1400 773 1538 809 dictum
1556 775 1611 808 est
1626 783 1750 808 meum
1769 775 1806 808 et

1028 823 1149 865 tuum,
1172 832 1255 856 cum
1274 820 1496 866 omniajure
1515 824 1659 856 naturae
1679 823 1804 856 essent

1028 868 1255 904 eommunia.
1294 869 1397 903 Bona
1432 878 1499 903 sua
1528 870 1676 913 reputat
1710 871 1802 902 tem-

1028 915 1183 960 poralia,
1214 926 1296 951 eum
1320 918 1445 951 tamen
1472 914 1648 959 hominis,
1670 916 1710 950 ut
1734 914 1803 949 ho-

1028 972 1088 997 mo
1111 965 1180 1007 est,
1204 962 1277 997 sint
1295 963 1393 998 bona
1412 961 1634 1008 spiritualia,
1657 966 1693 997 et
1726 971 1802 997 non

1028 1014 1189 1045 terrena.
1211 1009 1313 1045 Unde
1335 1010 1529 1053 Gregyorius
1549 1022 1559 1044 ι
1589 1023 1607 1042 «
1634 1009 1715 1044 Non
1747 1010 1803 1044 est

1027 1056 1189 1092 hominis
1206 1060 1356 1093 terrena
1372 1056 1559 1103 possessio
1576 1086 1584 1100 ‚
1603 1056 1667 1092 sed
1683 1054 1802 1091 eoele-

1028 1103 1106 1139 stis.
1124 1118 1141 1136 »
1160 1105 1264 1140 Unde
1280 1107 1316 1139 et
1331 1106 1355 1139 A
1365 1105 1542 1139 mbrosz'us
1561 1116 1570 1138 :
1587 1118 1604 1136 «
1621 1105 1699 1138 Non
1715 1104 1802 1138 sunt

1026 1151 1127 1186 bona
1146 1151 1324 1195 hominis,
1347 1162 1430 1196 quae
1453 1161 1578 1186 seeum
1602 1150 1699 1186 serre
1726 1159 1802 1185 non

1027 1201 1170 1242 potest3
1202 1198 1280 1233 sola
1306 1197 1564 1234 misericordia
1590 1200 1646 1233 est
1677 1206 1802 1232 comes

1027 1244 1301 1280 defunctorum.
1320 1258 1337 1276 »
1362 1246 1463 1280 Unde
1479 1245 1592 1280 etiam
1611 1243 1701 1279 dixit
1723 1242 1801 1288 qui·

1027 1291 1111 1326 dam
1126 1292 1384 1338 philosophus,
1398 1291 1459 1336 qui
1472 1292 1516 1326 de
1528 1290 1702 1327 incendio
1717 1301 1801 1326 eva⁴

1026 1342 1145 1374 serat:
1176 1340 1250 1384 Ego
1285 1338 1375 1374 nihil
1406 1338 1564 1384 perdidi,
1592 1338 1692 1373 hona
1717 1347 1802 1373 mea

1026 1396 1169 1421 mecum
1192 1389 1304 1429 sunt3
1326 1385 1450 1421 animo
1466 1385 1564 1420 enim
1590 1384 1654 1421 illa
1676 1387 1799 1430 porto,

1026 1443 1101 1467 non
1125 1434 1303 1467 humeris.
1327 1435 1430 1468 Bona
1458 1436 1599 1477 nostra,
1625 1433 1721 1467 bona
1741 1430 1798 1466 in-

1025 1482 1131 1514 terna
1153 1483 1250 1514 sunt.
1274 1480 1377 1514 Unde
1400 1481 1531 1515 Seneca
1554 1490 1562 1513 ε
1597 1493 1615 1511 «
1646 1478 1800 1524 Sapiens

1025 1525 1123 1561 intra
1151 1536 1190 1561 se
1214 1536 1324 1561 omne
1355 1527 1495 1561 bonum
1525 1525 1752 1561 terminabit.
1780 1538 1798 1559 »

1025 1574 1068 1607 Et
1089 1572 1177 1608 dicit
1208 1572 1308 1608 idem
1341 1574 1487 1617 Seneeu,
1509 1573 1607 1618 quod
1632 1572 1797 1617 quidam,

1025 1623 1133 1666 capta
1159 1619 1280 1666 patria
1306 1623 1343 1655 et
1368 1619 1494 1655 liberis
1523 1619 1686 1663 amissis,
1714 1629 1798 1655 eum

1025 1678 1066 1702 ex
1088 1667 1261 1703 incendio
1283 1667 1430 1713 publico
1468 1666 1582 1711 solus,
1609 1670 1644 1701 et
1668 1670 1795 1702 tamen

1023 1715 1168 1757 beatus,
1211 1714 1339 1758 exiret,
1379 1713 1627 1759 interroganti
1664 1712 1796 1748 viotori

1025 1772 1115 1797 num
1136 1761 1275 1807 aliquid
1298 1761 1521 1807 perdidisset
1550 1772 1557 1796 :
1581 1760 1692 1805 Nihil,
1731 1760 1796 1795 in-

1024 1809 1117 1853 quit,
1140 1808 1303 1854 perdidi3
1325 1809 1422 1843 bona
1432 1818 1514 1843 mea
1531 1818 1675 1843 meeum
1695 1809 1794 1842 sunt.

1023 1858 1070 1891 Et
1092 1857 1210 1891 dicam
1229 1858 1358 1891 enimse
1377 1866 1472 1898 τηρεε,
1495 1855 1532 1890 id
1554 1858 1610 1890 est
1629 1853 1797 1890 animali-

1022 1902 1088 1938 tati
1111 1914 1216 1946 ine-11),
1237 1903 1292 1938 vel
1316 1901 1572 1947 mihimetipsi,
1591 1902 1795 1937 secundum

1023 1950 1121 1995 quod
1143 1954 1239 1985 totus
1262 1951 1373 1985 homo
1392 1948 1657 1985 denominatur
1673 1959 1694 1984 a
1713 1959 1795 1994 par-

1022 2000 1058 2032 te
1079 1996 1242 2042 digniori
1273 2008 1280 2032 :
1299 1998 1436 2032 Anima
1458 2007 1554 2039 mea,
1578 1997 1686 2031 habes
1705 1996 1797 2030 mul-

1023 2047 1060 2079 ta
1086 2045 1188 2083 bona,
1211 2043 1285 2079 imo
1308 2045 1515 2079 habebatur
1535 2043 1580 2079 ab
1605 2042 1673 2086 eis,
1693 2043 1796 2088 posi-

1023 2095 1074 2136 ta,
1095 2090 1132 2126 id
1153 2094 1209 2126 est
1229 2095 1393 2136 reposita
1415 2094 1451 2126 et
1486 2094 1715 2137 congregata
1747 2089 1794 2125 ad

1022 2138 1319 2174 conservandum
1334 2148 1459 2181 avare,
1480 2149 1555 2173 non
1573 2138 1620 2172 ad
1635 2147 1794 2181 erogan-

1023 2185 1108 2221 dum
1128 2184 1258 2229 libere,
1272 2187 1309 2219 in
1325 2195 1437 2219 annos
1452 2186 1642 2230 plurimos.
1658 2184 1725 2220 Ubi
1743 2182 1794 2219 ait

1023 2233 1180 2276 Cysrz’llns
1208 2245 1217 2266 :
1251 2244 1267 2264 «
1305 2231 1411 2267 Dives
1448 2231 1560 2276 igitur
1591 2241 1664 2266 non
1686 2232 1794 2276 parat

1020 2278 1282 2325 permanentia
1310 2279 1459 2322 horrea,
1482 2278 1546 2314 sed
1565 2279 1721 2321 caduca3
1742 2280 1792 2323 et,

1021 2327 1117 2372 quod
1138 2325 1284 2361 stultius
1305 2329 1373 2370 est,
1396 2325 1481 2361 vitae
1503 2325 1572 2361 sibi
1591 2328 1692 2360 taxat
1714 2324 1794 2360 lon-

1021 2374 1242 2419 gitudinem.
1268 2373 1352 2415 Sed,
1379 2383 1398 2407 o
1416 2373 1531 2416 dives,
1550 2373 1690 2408 fruetus
1714 2371 1790 2417 qui-

1021 2421 1105 2456 dem
1122 2421 1237 2455 habes
1258 2420 1295 2456 in
1314 2421 1472 2462 horreis,
1491 2419 1555 2455 sed
1575 2429 1693 2455 annos
1712 2418 1791 2464 plu-

1019 2467 1134 2503 rimos
1153 2467 1248 2503 unde
1276 2466 1415 2512 poteris
1435 2466 1605 2503 obtinere
1621 2466 1639 2501 ⁴?
1662 2480 1674 2498 »
1708 2464 1788 2508 Hie,

1019 2514 1187 2560 arguitur
1230 2514 1446 2549 habentium
1504 2513 1674 2549 redditus
1718 2511 1788 2548 sihi

1019 2563 1246 2597 sufficientes
1272 2560 1577 2607 reprehensibilis
1605 2559 1786 2603 detentio,

1019 2612 1053 2645 et
1092 2607 1258 2644 collectio
1306 2618 1420 2654 supra
1467 2618 1605 2643 annum
1642 2616 1786 2650 eorum,

1019 2667 1101 2702 quae
1121 2654 1280 2701 singulis
1301 2655 1408 2691 annis
1430 2655 1602 2700 redeunt,
1620 2656 1656 2690 et
1682 2652 1788 2689 inno-

1018 2706 1165 2739 vantur.

1065 2754 1085 2793 lt
1106 2750 1277 2793 QUATUOR
1303 2760 1410 2795 MALA,
1446 2760 1523 2790 QUAE
1548 2759 1667 2785 exemi*
1700 2758 1788 2784 Dm-

1017 2809 1145 2832 Timmi
1166 2807 1402 2835 ABUNDANTIA.
1425 2816 1470 2826 —·
1492 2798 1537 2834 Et
1558 2794 1750 2843 subjungit
1776 2805 1785 2830 z
