1894 3186
135 177 194 209 326
642 185 787 220 PRIMAE
824 188 980 222 PARTIS
1018 187 1154 221 CAPUT
1192 188 1248 222 XC

134 261 299 296 solutum
322 261 375 294 est
399 259 585 295 vinculum
613 261 746 305 lmgyzzoe
771 263 860 307 ejuS,
884 267 917 299 et

138 308 354 353 loquebatur
369 310 474 358 recte.
494 307 660 353 Mystioe,
677 320 743 355 per
763 311 915 346 surdum

139 358 176 391 et
197 360 341 390 mutum
362 355 546 397 accipitur
561 366 679 400 genus
694 358 913 401 humanum,

139 402 238 448 quod
262 400 404 436 monita
423 401 556 437 salutis
577 414 652 439 non
673 405 857 448 audierat,
879 409 915 440 et

137 459 160 485 a
179 448 289 484 laude
312 447 375 483 Dei
395 449 578 493 cessabat,
597 461 665 496 pro
687 462 760 496 quo
784 452 914 497 depre-

135 497 322 532 cabantur
338 494 566 532 Patriarchae
585 502 621 532 et
640 499 836 544 Prophetae
858 501 913 534 In-

136 541 397 579 carnationem
421 542 557 579 Christi
579 544 850 588 desiderantes,
872 549 914 581 ut

134 589 304 637 imponat
341 589 395 625 illi
435 601 588 628 manum
627 592 910 637 misericordiae,

136 648 220 684 quae
248 637 440 674 hominem
467 643 579 675 sanat
611 650 678 685 per
710 639 912 676 adventum

133 685 215 731 ejus
235 684 273 720 in
294 695 470 729 carnem;
503 686 569 721 sed
595 689 631 721 et
658 686 760 722 varia
791 690 909 733 peste,

135 735 173 768 et
189 731 292 768 omni
315 732 393 768 fere
410 733 538 768 morbo
558 733 594 767 in
613 733 734 778 primo
753 740 910 780 parente

134 789 355 825 percussum
377 783 431 815 est
449 790 569 824 genus
588 780 807 817 humanum.
831 783 910 818 Cae-

137 829 256 870 catur,
268 827 357 861 dum
372 826 473 861 videt
485 837 561 861 non
573 826 752 871 videnda;
776 830 911 865 surdus

134 873 191 917 fit,
219 873 309 908 dum
342 873 445 908 audit
478 884 553 909 non
587 874 798 919 audienda;
823 876 911 912 dnm

135 921 283 963 odorat,
306 919 541 965 emungitur;
562 922 800 967 obmutescit,
824 924 911 959 dum

134 967 323 1012 loquitur;
362 977 518 1003 mancus
557 968 611 1012 fit,
636 969 722 1005 dum
761 981 912 1006 manum

135 1014 258 1060 erigit,
274 1017 311 1049 et
324 1014 371 1049 ad
386 1014 542 1050 vetitum
556 1025 708 1060 pomum
725 1017 911 1060 extendit;

133 1061 367 1105 incurvatur,
399 1062 488 1097 dum
522 1063 699 1108 superbia
731 1064 910 1109 erigitur3

134 1107 360 1154 hydropicus
404 1108 471 1153 fit,
520 1109 607 1145 dum
656 1112 909 1157 concupiscit;

136 1156 290 1192 claudus
322 1156 377 1201 tit,
408 1156 496 1191 dum
522 1158 785 1203 prog1=cclitur3
809 1160 913 1205 lepra

135 1202 379 1247 suffunditur,
398 1203 486 1239 dum
506 1204 708 1241 virtutibus
728 1207 910 1250 nudatur;

136 1250 307 1286 daemone
352 1250 528 1296 impletur
545 1279 554 1294 ,
603 1252 691 1288 dum
735 1253 912 1289 deitatem

136 1297 277 1344 appetit
296 1311 304 1341 ;
329 1298 502 1342 moritur,
521 1298 609 1334 dum
633 1300 812 1336 audacter
832 1311 913 1347 pec-

136 1349 261 1380 catum
279 1348 441 1381 excusat.

185 1405 202 1427 2
229 1393 344 1427 Hnsns
367 1404 519 1428 emaum
543 1405 658 1429 nonus
683 1406 909 1431 EXPLICATUS.

136 1459 181 1465 ——
201 1438 307 1475 Circa
335 1440 572 1476 sanationem
597 1441 703 1477 istius
728 1442 910 1487 languidi,

136 1486 245 1532 plura
261 1486 322 1522 hic
338 1490 552 1529 tanguntur.
571 1488 734 1524 l'rinium
757 1494 811 1524 est
833 1491 912 1534 eius

135 1533 310 1570 adductio
326 1534 372 1569 ad
390 1535 518 1574 Deum,
534 1545 601 1581 per
616 1546 744 1581 preces
763 1540 911 1582 patrum

137 1584 366 1618 sanctorum.
390 1601 433 1607 ——
456 1583 670 1618 Secundum
699 1588 753 1618 est
777 1595 911 1629 appre-

134 1627 286 1671 hensio,
325 1631 365 1664 ut
405 1630 505 1664 enim
547 1640 666 1675 genus
705 1631 911 1667 humanum

134 1675 326 1720 liberaret,
365 1680 538 1712 naturam
580 1682 747 1713 nostram
782 1689 912 1724 appre-

133 1722 279 1758 hendit.
300 1743 346 1750 --
365 1724 529 1760 Tertium
547 1728 601 1760 est
623 1725 740 1771 ipsius
761 1736 782 1761 a
802 1727 911 1762 turba

135 1770 401 1815 sequestratio,
431 1775 470 1807 ut
501 1772 652 1807 doceret
684 1784 752 1808 nos
782 1774 910 1818 fugere

133 1817 286 1854 inanem
322 1818 480 1863 gloriam
518 1819 555 1855 in
585 1820 730 1855 actibus
755 1821 908 1858 nostris.

134 1885 180 1891 —
202 1866 381 1908 Quartum
407 1870 462 1901 est
484 1866 687 1911 digitorum
713 1868 908 1913 immissio,

132 1912 332 1948 utdoceret
343 1912 380 1948 in
393 1913 473 1959 ejus
484 1914 661 1950 membris
675 1915 909 1952 divinitatem

134 1959 332 2003 habitare;
374 1959 459 1996 licet
495 1965 628 2006 potens
665 1966 763 1998 esset
797 1964 910 1999 etiam

134 2007 248 2042 verbo
286 2017 435 2043 sanare.
460 2007 571 2053 Digiti
609 2008 735 2049 etiam,
774 2010 837 2055 qui
872 2010 909 2046 in

135 2063 243 2089 aures
257 2054 470 2097 mittuntur,
485 2056 583 2092 dona
604 2056 764 2102 Spiritus
784 2058 909 2093 Sancti

134 2104 232 2145 sunt,
256 2101 301 2137 de
323 2112 395 2147 quo
417 2101 553 2138 dicitur
572 2115 578 2139 :
602 2105 747 2147 Diglitus
768 2107 833 2140 Dei
859 2109 910 2140 est

135 2148 206 2184 hic.
226 2149 269 2183 Et
288 2149 338 2184 ita
359 2148 496 2195 digitos
516 2149 554 2185 in
576 2151 762 2187 auriculas
780 2151 907 2197 mittit,

135 2205 218 2230 cum
237 2206 304 2241 per
333 2196 432 2232 dona
460 2197 585 2233 Sancti
613 2198 772 2244 Spiritus
798 2209 909 2235 aures

135 2242 259 2277 cordis
273 2242 320 2278 ad
340 2241 625 2290 intelligendum
643 2246 756 2282 verba
777 2246 908 2283 salutis

132 2289 266 2333 aperit,
298 2293 334 2325 et
370 2291 567 2338 praeceptis
604 2303 710 2329 suam
747 2293 907 2339 gratiam

132 2335 331 2372 obediendi
372 2338 514 2374 tribuit.
555 2360 595 2365 —-
635 2340 811 2384 Quintum
852 2345 908 2378 est

132 2385 253 2418 tactus
289 2383 427 2429 linguae
463 2386 544 2431 ejus
581 2397 663 2422 cum
702 2387 838 2432 saliva,
866 2393 907 2425 ut

131 2430 350 2466 ostenderet
365 2432 462 2477 quod
477 2433 603 2469 onmia
621 2436 791 2471 membra
809 2435 905 2472 sacri

131 2476 300 2523 corporis
312 2478 393 2523 ejus
406 2477 530 2515 divina
541 2480 702 2516 existunt
714 2487 749 2517 et
761 2486 903 2527 sancta,

128 2528 166 2560 et
174 2524 287 2560 etiam
299 2527 450 2571 sputum
463 2527 561 2571 quod
576 2527 761 2564 vinculum
773 2529 901 2566 solvit:

129 2571 268 2608 etenim
314 2581 424 2608 omne
470 2579 621 2619 sputum
664 2577 904 2620 superfluitas

130 2619 303 2664 quaedam
326 2622 410 2663 est;
436 2621 502 2657 sed
528 2620 566 2656 in
594 2621 751 2658 Domino
779 2625 904 2660 onmia

129 2669 218 2701 sunt
234 2665 372 2703 divina.
389 2666 512 2704 Saliva
529 2668 642 2705 etiam
664 2680 705 2705 ex
727 2672 847 2716 capite
864 2671 901 2707 in

129 2723 170 2748 os
189 2713 359 2749 defluens
377 2714 503 2751 divina
524 2716 714 2762 Sapientia
735 2723 804 2762 est,
819 2729 900 2764 quse

127 2759 278 2796 vincula
288 2760 474 2799 labiorum
483 2763 606 2799 solvit.
618 2765 661 2798 Et
670 2763 723 2800 sic
735 2775 899 2810 expuens

129 2806 293 2852 linguam
314 2810 448 2855 tangit,
471 2820 553 2847 cum
574 2810 620 2847 ad
641 2810 728 2847 fidei
751 2813 896 2849 confes-

991 263 1134 299 sionem
1154 265 1190 299 et
1208 263 1513 310 praedicationem
1540 264 1762 309 sapientiam

990 311 1066 355 dat,
1091 317 1125 346 et
1149 322 1215 347 ora
1250 311 1404 347 relaxat.
1441 333 1479 338 -
1521 313 1669 348 Sextum
1707 317 1763 349 est

989 363 1164 403 aspectus
1196 358 1233 393 in
1266 359 1412 401 coelum,
1436 364 1474 394 ut
1501 359 1587 395 inde
1620 360 1763 397 cunctis

989 405 1267 441 infirmantibus
1313 406 1496 442 medelam
1513 434 1521 450 ‚
1566 417 1608 442 ac
1653 418 1763 444 omne

987 452 1195 488 remedium
1217 454 1459 498 quaerendum
1480 465 1561 489 esse
1589 455 1762 490 ostende-

988 503 1059 543 ret,
1079 503 1115 535 et
1145 499 1185 535 in
1219 500 1353 536 coelum
1387 501 1605 537 thesaurum
1641 501 1764 537 cordis

988 547 1106 582 nostri
1128 546 1285 592 erigere,
1311 551 1346 583 et
1366 548 1412 584 ad
1435 550 1553 584 Deum
1586 548 1763 584 intentio-

988 604 1075 630 nem
1097 598 1264 630 nostram
1291 605 1438 641 semper
1458 595 1622 641 dirigere
1645 597 1763 632 doce-

987 646 1056 678 ret.
1080 660 1125 668 -—
1153 642 1358 688 Septimum
1392 647 1447 678 est
1479 643 1653 689 gemitus,
1688 654 1763 679 non

987 689 1075 734 quia
1097 689 1166 735 ipsi
1191 700 1283 735 opus
1306 692 1404 725 essct
1426 700 1509 725 cum
1531 690 1673 735 gemitu
1695 691 1763 726 ali-

987 736 1075 781 quid
1088 741 1215 782 petere
1229 737 1387 780 aPatre,
1402 736 1464 782 qui
1487 741 1618 772 cuncta
1636 741 1763 783 peten-

986 783 1084 820 tibus
1105 784 1167 819 dat
1188 794 1270 819 cum
1294 784 1421 828 Pat1·e;
1451 785 1530 828 sed,
1552 788 1591 819 ut
1614 795 1764 829 gemere

986 841 1055 866 nos
1088 831 1252 875 doceret,
1278 834 1313 866 et
1341 831 1514 875 gemendi
1552 832 1763 877 exemplum

986 877 1094 913 nobis
1133 878 1252 921 daret,
1295 888 1379 913 cum
1416 888 1483 923 pro
1520 878 1659 914 nostris
1698 890 1765 915 seu

986 925 1145 960 aliorum
1172 924 1382 960 excessibus
1407 930 1443 960 et
1467 927 1673 967 erroribus,
1706 926 1763 962 vel

987 971 1176 1007 desiderio
1212 971 1344 1017 patriae
1381 973 1560 1016 ccelesiis,
1594 984 1766 1019 supernas

987 1018 1137 1065 pietatis
1148 1019 1322 1065 praesidia
1334 1018 1563 1055 invocamus.
1580 1020 1766 1065 Ingemuit

987 1066 1113 1110 etiam,
1138 1071 1306 1102 nostram
1327 1077 1478 1102 causam
1500 1067 1706 1113 suscipiens
1726 1067 1763 1103 in

989 1113 1126 1159 scipso,
1143 1124 1186 1149 ac
1202 1118 1347 1149 naturae
1370 1114 1544 1149 misertus
1565 1116 1760 1159 humanae;

989 1164 1024 1196 et
1042 1171 1259 1206 compassus
1275 1161 1436 1197 miserim
1452 1166 1641 1199 tantarum
1659 1162 1762 1197 intir-

988 1207 1174 1251 mimium,
1197 1208 1236 1244 in
1272 1219 1365 1253 quas
1398 1219 1519 1253 genus
1555 1210 1764 1245 humanum

988 1255 1117 1290 incidit
1137 1261 1292 1301 propter
1312 1260 1521 1301 peccatum,
1536 1277 1571 1281 —
1586 1257 1763 1293 Octavum

988 1308 1045 1339 est
1066 1302 1202 1338 Christi
1224 1302 1437 1348 imperium,
1461 1313 1544 1338 cum
1565 1303 1617 1339 ait
1642 1315 1649 1339 :
1668 1306 1765 1349 Eph-

984 1351 1134 1395 phetha,
1158 1351 1254 1395 quod
1283 1354 1334 1385 est
1361 1351 1571 1393 Hebraeum,
1594 1355 1631 1386 et
1663 1351 1761 1387 idem

989 1398 1087 1442 quod
1108 1398 1314 1443 adaperire,
1338 1397 1599 1443 imperativum
1623 1398 1761 1444 passivi

988 1443 1106 1486 verbi,
1126 1443 1164 1479 id
1195 1448 1251 1479 est
1272 1445 1322 1479 sis
1349 1448 1523 1490 apertus,
1548 1446 1647 1490 quod
1678 1445 1763 1482 licet

988 1491 1136 1537 proprie
1159 1491 1345 1536 loquendo
1362 1492 1408 1526 ad
1428 1492 1525 1527 solas
1543 1503 1652 1528 aures
1672 1493 1763 1529 rese-

987 1542 1104 1581 ratur,
1122 1542 1246 1573 tamen
1263 1549 1328 1584 per
1348 1539 1504 1574 verbum
1524 1539 1621 1575 istud
1641 1540 1763 1576 Domi-

987 1597 1055 1621 nus
1071 1586 1264 1629 intellexit,
1276 1586 1375 1630 quod
1390 1590 1549 1632 utraque
1563 1586 1762 1624 intirmitas

987 1637 1194 1675 curaretur,
1223 1633 1322 1678 quod
1355 1638 1456 1679 patet
1491 1644 1558 1679 per
1588 1635 1762 1671 effectum

987 1681 1239 1716 subsecutum.
1274 1679 1355 1724 Ubi,
1384 1681 1589 1717 secundum
1611 1683 1761 1723 Rectam,

987 1732 1147 1773 utruque
1182 1731 1315 1763 natura
1354 1728 1486 1772 unius,
1523 1732 1559 1764 et
1593 1730 1762 1775 ejusdem

986 1774 1121 1810 Clu-isti
1144 1779 1199 1810 est
1218 1775 1415 1811 manifeste
1437 1775 1625 1812 distincta.
1642 1777 1763 1823 Suspi-

987 1822 1088 1858 ciens
1119 1822 1219 1858 enim
1253 1822 1290 1857 in
1327 1822 1477 1866 coehnn,
1509 1824 1613 1868 quasi
1648 1825 1760 1860 homo

985 1871 1101 1905 Deum
1122 1872 1353 1915 precaturus,
1371 1869 1572 1915 ingenuum
1593 1872 1656 1907 sed
1679 1883 1760 1907 mox

984 1928 1057 1952 uno
1097 1928 1285 1960 sermone,
1322 1917 1428 1962 quasi
1467 1924 1596 1962 potens
1634 1918 1761 1955 diviua

985 1965 1181 2008 maiestate
1203 1963 1358 2000 cui-axii.
1382 1965 1500 2000 Aures
1521 1965 1683 2011 denique
1701 1966 1759 2002 in-

985 2011 1082 2046 firmi
1123 2012 1169 2047 ad
1205 2011 1432 2047 audiendum
1464 2012 1696 2058 aperiuntur,
1724 2017 1762 2049 et

984 2058 1112 2105 lingua
1138 2059 1187 2094 ad
1213 2059 1442 2104 loquendum
1470 2060 1647 2103 solvitur3
1670 2061 1758 2097 dum

985 2107 1118 2142 surdus
1148 2105 1210 2151 qui
1247 2106 1444 2152 praeceptis
1479 2107 1614 2143 divinis
1650 2117 1759 2144 aures

984 2153 1108 2189 cordis
1131 2163 1206 2189 non
1234 2154 1460 2196 commodat,
1482 2157 1518 2190 et
1549 2158 1674 2191 mutus
1694 2155 1756 2201 qui

983 2200 1109 2236 clausa
1130 2200 1165 2236 in
1192 2199 1328 2236 divinis
1354 2201 1525 2237 laudibus
1554 2213 1621 2238 ora
1642 2205 1755 2247 tenet,

981 2258 1048 2294 per
1063 2247 1223 2293 gratiam
1241 2247 1303 2282 Dei
1315 2247 1542 2293 Justincuus
1559 2254 1756 2295 utrumque

982 2298 1172 2341 operatur.
1207 2293 1404 2330 Vinculum
1437 2306 1586 2341 quoque
1621 2296 1757 2343 lingum

981 2342 1151 2386 solvitur,
1186 2341 1334 2388 quando
1374 2342 1419 2377 ad
1458 2343 1685 2389 orationem,
1707 2344 1752 2380 ad

980 2389 1137 2435 preximi
1182 2388 1486 2433 aedificationem,
1527 2391 1574 2426 ad
1612 2391 1755 2437 peccati

980 2436 1269 2481 consessionem,
1292 2440 1329 2472 et
1355 2437 1401 2472 ad
1427 2437 1490 2473 Dei
1513 2437 1662 2485 laudem
1682 2439 1755 2475 lin-

979 2494 1053 2530 gua
1070 2483 1224 2520 utimur.

1024 2535 1044 2567 5
1070 2532 1208 2567 Sunnus
1247 2543 1289 2567 ET
1328 2542 1440 2568 mures
1480 2544 1693 2569 nonAmTER.
1713 2553 1755 2558 —

977 2578 1071 2614 Hinc
1106 2578 1220 2624 igitur
1258 2579 1449 2622 docemur,
1489 2586 1530 2616 ut
1567 2580 1753 2626 quoslibet

975 2628 1191 2672 peccatores
1217 2626 1382 2672 quotidie
1412 2637 1478 2672 per
1512 2628 1753 2674 praedicatio-

976 2683 1061 2709 nem
1095 2676 1261 2709 nostram
1290 2675 1364 2709 Deo
1386 2675 1572 2711 adducere
1600 2676 1752 2711 studea-

975 2730 1072 2764 mus,
1096 2724 1132 2756 et
1169 2730 1236 2767 pro
1264 2719 1338 2756 illis
1364 2721 1506 2767 jugiter
1539 2733 1748 2758 exoremus.

975 2767 1192 2813 Deprecatio
1214 2767 1313 2803 enim
1340 2769 1606 2806 adducentium
1634 2769 1748 2815 signi—

974 2814 1061 2851 ficat
1095 2814 1266 2851 Ecclesise
1293 2814 1615 2853 intercessionem.
1646 2817 1748 2853 Unde
