1894 3186
128 194 174 228 90
629 194 773 228 PRIMAE
810 193 970 227 PARTIS
1008 193 1140 226 CAPUT
1175 193 1267 226 LVII

132 276 153 296 ι(
170 261 358 308 Quidquid
378 264 570 308 quaeretur
589 262 637 298 ad
655 262 830 305 salutem,
849 266 908 297 to-

130 311 213 345 tum
227 309 306 355 jam
331 309 575 355 adimpletum
595 312 653 345 est
676 309 716 345 in
740 309 907 355 Sciiptu-

129 356 195 392 ris.
221 356 289 400 Qui
307 355 462 402 ignarus
482 359 553 401 est,
576 355 723 392 invenit
737 356 787 393 ihi
810 356 909 402 quod

129 403 272 447 discat3
291 405 355 449 qui
377 407 578 439 contumax
591 407 649 440 est
668 407 704 439 et
721 407 909 450 peccator,

127 449 278 486 invenit
297 450 348 487 ibi
362 450 479 487 :futuri
494 451 626 497 judicii
646 451 809 496 flagella,
826 461 909 496 quae

130 496 284 541 timeat;
314 497 375 543 qui
397 498 558 543 laborat,
582 497 727 534 invenit
753 497 804 534 ibi
830 498 910 543 glo-

128 544 207 580 rias
256 544 517 590 promissionis
565 548 757 591 perpetuae
808 545 907 588 vitae,

128 601 224 638 quas
244 592 522 635 manducando,
543 592 703 637 amplius
729 591 911 627 excitetur

126 639 178 675 ad
203 649 323 684 opus;
346 639 409 684 qui
440 638 692 685 pusillanimis
708 642 765 674 est
788 642 825 673 et
848 638 909 673 in-

127 686 276 729 firmus,
298 685 439 721 invenit
457 686 508 722 ibi
529 685 737 721 mediocres
753 685 909 731 justitiae

129 733 249 777 cibos,
271 733 348 779 qui,
369 733 437 768 etsi
459 734 635 779 pinguem
651 732 814 768 animam
835 743 909 768 non

127 779 285 821 faciunt,
306 784 433 815 tamen
457 779 552 815 mori
570 790 646 815 non
666 779 904 824 permittunt;

127 828 191 872 qui
214 827 478 871 magnanimus
500 830 556 862 est
575 830 612 861 et
633 826 770 870 fidelis,
800 826 904 861 inve-

129 873 185 909 nit
204 873 254 908 ihi
278 873 550 919 spiritualiores
576 883 680 908 escas
711 873 907 908 continen-

127 919 236 955 tioris
254 920 351 963 vitre,
369 931 450 965 quae
462 920 667 965 perducent
686 929 770 954 eum
792 929 909 964 prope

126 967 174 1002 ad
195 968 425 1011 Angelorum
444 970 620 1001 naturam
641 977 649 1008 ;
671 965 733 1010 qui
754 976 906 1010 percus-

128 1024 191 1049 sus
217 1024 239 1049 a
263 1013 413 1049 diabolo
436 1013 654 1048 vulneratus
680 1016 736 1047 est
757 1013 794 1047 in
822 1023 907 1057 pec-

124 1060 231 1103 catis,
273 1060 416 1095 invenit
439 1059 489 1095 ibi
521 1059 761 1095 medicinales
791 1059 906 1103 cibos,

128 1106 192 1153 qui
223 1117 307 1142 eum
333 1117 400 1152 per
430 1105 693 1151 poenitentiam
733 1110 907 1151 reparent

124 1154 175 1190 ad
201 1154 360 1189 salutem
384 1165 392 1188 :
418 1166 434 1186 >³
459 1154 537 1196 haec
559 1155 841 1197 Clzrysostomus.

175 1203 196 1236 8
236 1202 378 1236 JUDICIA
403 1202 468 1235 Dm
502 1212 669 1235 OCCULTA.
705 1220 751 1226 -
787 1202 908 1243 Quare

128 1250 261 1284 autem
301 1247 404 1291 olim,
442 1258 517 1282 non
552 1247 611 1282 his
654 1246 716 1292 qui
754 1248 907 1282 credere

126 1298 348 1341 potuerunt,
368 1305 497 1329 verum
518 1293 658 1329 Judaeis
678 1294 739 1339 qui
753 1295 907 1329 credere

131 1342 348 1383 noluerunt,
381 1341 428 1376 sit
457 1341 765 1385 evangelizatum,
790 1341 908 1386 ipsius

130 1389 336 1424 secundum
350 1389 497 1432 Rectam,
515 1392 571 1423 est
586 1388 693 1430 scire,
712 1388 814 1432 cujus
830 1388 911 1423 uni-

132 1446 250 1471 versae
278 1439 361 1470 sunt
386 1437 452 1469 τίω
483 1436 731 1470 misericordia
758 1439 790 1470 et
820 1438 910 1469 'rcri-

133 1486 202 1518 tas.
233 1483 340 1525 Quia,
364 1482 567 1517 secundum
588 1483 813 1524 Anselmum,
835 1482 906 1517 alio

132 1530 244 1564 modo
262 1530 363 1574 juste
385 1529 538 1564 damnat
558 1530 690 1572 malos,
709 1528 781 1563 alio
796 1530 906 1564 modo

126 1577 227 1622 Juste
258 1580 377 1621 parcit
405 1575 526 1611 malis.
563 1577 655 1611 Nam
690 1586 772 1611 cum
807 1576 907 1611 dam-

129 1626 195 1658 nat
222 1623 341 1658 malos
357 1624 502 1668 justum
537 1627 608 1666 est,
631 1623 718 1668 quia
754 1623 907 1658 illorum

129 1669 274 1705 meritis
305 1670 478 1705 convenit
497 1681 505 1714 3
542 1680 627 1705 curn
664 1681 751 1705 vero
787 1666 907 1715 par‘cit

127 1716 251 1760 malis,
267 1717 410 1762 justum
431 1720 500 1760 est,
523 1727 597 1751 non
636 1716 723 1761 quia
756 1716 907 1752 illorum

124 1764 286 1807 meritis,
306 1764 370 1799 sed
389 1763 475 1809 quia
498 1763 653 1799 bonitati
674 1774 751 1798 suae
773 1764 909 1799 conde-

127 1820 215 1846 cens
237 1814 305 1846 est.
330 1811 521 1845 parcendo
541 1820 631 1855 ergo
655 1810 764 1845 malis
780 1811 907 1855 justus

131 1860 189 1893 est
225 1858 430 1893 secundum
458 1867 518 1901 se,
547 1860 584 1892 et
613 1856 825 1893 misericors
853 1868 909 1893 se-

131 1904 295 1940 cundum
316 1915 399 1949 nos,
424 1915 500 1940 non
526 1904 728 1940 secundum
750 1915 802 1940 se.
829 1906 909 1940 Non

944 262 949 272 “
981 261 1083 298 enim
1102 260 1188 297 ideo
1207 264 1262 298 est
1281 260 1512 305 misericors,
1532 261 1623 307 quia
1642 260 1756 315 mise-

982 319 1065 344 rum
1085 319 1149 344 cor
1173 309 1311 344 habeat
1331 320 1339 353 ;
1361 309 1429 345 sed
1450 308 1540 354 qnia
1557 308 1658 344 circa
1683 319 1755 345 ml-

983 366 1088 392 seros
1114 366 1178 391 cor
1196 355 1347 402 pietatis
1368 367 1446 392 suae
1468 356 1664 402 impendit.
1687 356 1757 399 Qui

981 403 1110 447 etiam,
1135 404 1339 439 secundum
1365 404 1626 447 Auqustmam,
1651 403 1759 449 eujus

982 450 1058 486 vult
1089 449 1302 494 miseretur,
1330 451 1470 486 nonin
1495 450 1656 496 justitia,
1690 449 1759 486 sed

982 497 1122 544 gratia3
1147 508 1256 543 quem
1282 498 1360 534 vult
1382 498 1555 540 obdurat,
1579 508 1654 533 non
1684 496 1759 532 ini-

983 544 1138 590 quitate,
1183 545 1248 580 sed
1282 543 1441 580 veritate
1479 544 1667 581 vindictae.
1698 542 1758 580 Sic

982 596 1109 628 tamen
1151 591 1408 627 misericordia
1444 594 1480 627 et
1512 592 1649 628 veritas
1691 591 1757 627 ob-

982 638 1083 674 viant
1101 638 1184 681 sibi,
1210 641 1251 674 ut
1269 649 1338 674 nec
1360 638 1617 674 misericordia
1638 638 1758 684 impe-

982 686 1061 722 diat
1083 686 1292 729 veritatem,
1309 696 1383 731 qua
1404 685 1574 731 plectitur
1594 685 1756 731 dignus;

983 744 1052 768 nec
1070 732 1208 769 veritas
1229 732 1540 776 misericordiam,
1569 743 1643 778 qua
1661 732 1757 768 libe-

982 784 1088 816 ratur
1126 779 1315 825 indignus.
1355 781 1454 815 Deus
1497 779 1664 825 quidem,
1706 779 1756 815 ab

983 831 1123 862 aeterno
1145 828 1267 862 sciens
1290 826 1614 862 conversationem
1636 825 1757 862 homi-

983 884 1072 909 num
1108 873 1246 909 malam
1285 874 1464 917 futuram,
1503 877 1539 909 et
1575 873 1662 919 quia
1687 883 1757 909 nec

983 921 1062 955 sola
1098 920 1297 955 severitate
1337 924 1464 966 posset
1501 921 1651 964 salvari,
1688 930 1758 956 nec

982 967 1061 1002 sola
1091 966 1349 1002 misericordia
1378 967 1575 1013 pervenire
1596 968 1643 1002 ad
1669 977 1759 1012 pro-

981 1015 1117 1049 fectum
1142 1014 1375 1058 meritorum,
1399 1014 1564 1050 decrevit
1586 1014 1700 1059 quod,
1718 1013 1758 1049 in

981 1071 1205 1105 unoquoque
1249 1064 1431 1106 tempore,
1475 1061 1758 1106 praedicandum

982 1111 1094 1150 esset,
1116 1117 1420 1152 unumquemque
1445 1108 1669 1152 permittens
1690 1118 1756 1143 suo

978 1154 1135 1200 judicio,
1155 1154 1192 1188 id
1220 1157 1276 1189 est
1295 1154 1458 1189 naturali
1479 1154 1566 1199 legi,
1589 1165 1672 1200 quae
1698 1154 1756 1190 di-

982 1200 1084 1236 citin
1118 1200 1263 1236 corde:
1297 1201 1399 1243 Quod
1438 1201 1487 1235 ad
1521 1203 1595 1236 ulio
1634 1202 1756 1237 oderis

981 1249 1060 1293 fiere*
1093 1248 1175 1287 tibi,
1209 1258 1253 1282 ne
1273 1249 1381 1282 alteri
1400 1249 1532 1290 facias.
1557 1248 1642 1291 Sed,
1667 1247 1757 1293 quia

982 1294 1165 1330 naturalis
1185 1294 1242 1330 lex
1269 1294 1458 1340 obtorpuit
1483 1294 1757 1331 consuetudine

981 1341 1174 1388 peccandi,
1190 1341 1393 1387 praedicata
1410 1344 1477 1378 est.
1493 1352 1574 1387 quae
1594 1342 1758 1378 refrena·-

982 1393 1039 1424 ret
1062 1393 1271 1434 peccantes,
1293 1391 1348 1432 Et,
1378 1388 1465 1434 quia
1483 1388 1619 1424 iterum
1640 1390 1753 1425 homo

984 1447 1057 1471 non
1079 1447 1117 1471 se
1142 1447 1207 1482 per
1227 1435 1318 1481 legIs
1339 1436 1574 1471 severitatem
1591 1437 1754 1480 cohibet,

981 1483 1055 1518 imo
1077 1494 1143 1528 per
1162 1483 1402 1518 interdictum
1430 1494 1515 1518 reus
1541 1484 1753 1527 tenebatur,

982 1530 1183 1575 praedicata
1204 1533 1258 1565 est
1285 1530 1555 1573 misericordia,
1576 1541 1658 1574 quae
1680 1530 1753 1566 sal-

981 1581 1085 1612 varet
1105 1577 1359 1621 confugientes
1380 1577 1427 1611 ad
1449 1587 1544 1620 eam,
1569 1581 1607 1612 ut
1635 1587 1752 1613 excae-

981 1627 1083 1659 caret
1109 1624 1331 1668 refutantes,
1361 1623 1514 1659 mittens
1541 1625 1678 1660 Gentes
1703 1625 1751 1660 ad

982 1670 1271 1717 promissionem
1291 1672 1522 1715 Judaeorum,
1541 1674 1581 1706 ut
1597 1670 1667 1716 ipsi
1689 1673 1754 1708 Ju-

981 1718 1050 1753 daei
1092 1719 1225 1754 saltem
1279 1717 1521 1754 {emulatione
1576 1718 1754 1754 Gentium

980 1768 1302 1801 converterentur.
1334 1767 1377 1800 Et
1411 1766 1491 1800 haec
1522 1768 1578 1800 est
1595 1765 1752 1801 altitudo

981 1812 1124 1847 consilii
1162 1812 1241 1856 Dei,
1265 1823 1336 1858 quo
1372 1812 1466 1847 mira
1501 1812 1754 1858 Providentia,

981 1859 1131 1895 Judaeos
1165 1863 1199 1895 et
1235 1860 1373 1895 Gentes
1394 1859 1540 1894 reduxit
1559 1860 1605 1894 ad
1626 1859 1754 1905 vitam,

982 1917 1093 1952 quam
1106 1917 1237 1942 omnes
1258 1906 1499 1953 perdiderant
1516 1906 1555 1941 in
1574 1906 1707 1943 Adam.

864 2029 1046 2066 ORATIO.

178 2121 336 2157 Domine
363 2124 452 2174 3Iesu
485 2121 645 2167 Christe,
672 2124 733 2169 qui
756 2135 825 2160 nos
861 2126 974 2161 verbo
996 2128 1032 2160 et
1059 2126 1225 2171 exemplo
1245 2125 1455 2171 provocasti
1481 2125 1528 2161 ad
1549 2125 1755 2163 dolendum

155 2179 199 2204 ro
232 2172 404 2214 peccatis,
429 2173 465 2205 et
496 2170 543 2205 ad
566 2170 822 2207 exsultandum
842 2183 910 2217 pro
934 2172 1187 2217 spiritualibus
1222 2172 1331 2209 bonis
1351 2184 1360 2208 :
1383 2173 1431 2208 da
1470 2172 1560 2208 mihi
1595 2173 1756 2218 gratiam

145 2226 395 2261 acrymarum,
415 2220 461 2268 'et'
489 2219 630 2252 terram
651 2218 775 2254 cordis
795 2220 867 2254 mei
887 2219 1030 2255 aridam
1055 2219 1195 2265 irriguo
1216 2220 1357 2256 coelesti
1379 2220 1563 2263 foecunda,
1585 2224 1625 2256 ut
1646 2221 1754 2266 plan-

130 2273 217 2310 gam
239 2273 297 2314 me
322 2263 486 2308 quotidie
502 2263 541 2299 in
559 2264 660 2299 omni
682 2265 757 2301 vita
777 2277 860 2302 mea
881 2278 889 2301 :
910 2266 960 2301 ita
982 2270 1023 2302 ut
1045 2267 1256 2302 efficiantur
1276 2266 1367 2302 mihi
1389 2267 1562 2313 lacrymae
1584 2278 1676 2303 meae
1694 2278 1756 2313 pa-

128 2320 197 2345 nes
223 2309 282 2345 die
303 2320 345 2362 ac
371 2314 494 2354 nocte,
521 2314 558 2346 et
591 2322 698 2347 mens
736 2324 821 2349 mea
859 2313 974 2349 oblita
1003 2314 1177 2350 vanitatis
1204 2317 1238 2349 et
1273 2313 1448 2359 miseriae,
1472 2314 1602 2350 ardeat
1627 2314 1668 2350 in
1689 2317 1756 2351 tuo

127 2366 259 2393 amore
281 2367 288 2391 :
329 2360 381 2392 ita
406 2360 458 2401 ut,
490 2358 660 2394 saltando
683 2360 729 2395 ad
764 2362 864 2397 bona
884 2371 998 2407 opera
1018 2366 1054 2396 et
1075 2362 1123 2397 ad
1146 2361 1275 2397 laudes
1296 2360 1362 2397 Dei
1389 2362 1635 2406 assurgendo,
1657 2372 1755 2398 nunc

126 2403 312 2486 szultcm
333 2403 372 2438 in
393 2414 472 2450 spe,
494 2408 531 2441 et
549 2406 703 2441 tandem
723 2417 872 2454 semper
892 2412 927 2445 te
957 2409 1162 2453 laudando,
1183 2412 1307 2445 tecum
1348 2409 1533 2454 gaudeam
1555 2408 1638 2446 sine
1662 2408 1753 2445 fine.

129 2475 131 2477 ·
164 2460 268 2486 men.
