1894 3186
753 188 801 222 Er
838 186 1129 221 NUMERORUM.

352 326 500 363 CAPUT
524 326 578 361 LI.
598 346 643 351 —
662 326 712 360 De
726 325 896 360 missione
913 322 1169 369 Apostolorum
1190 319 1238 355 (ιῶ
1258 316 1530 365 mendicandum

675 384 753 409 eum
774 375 952 419 potestate
965 371 1208 407 curationum.

155 515 164 537 ι
193 499 346 537 Vexatio
368 498 493 546 gregis
514 502 570 534 est
588 508 686 545 saepe
707 499 784 534 rul-

174 559 221 594 pa
240 551 448 594 pastorum.

153 609 169 631 ε).
193 595 324 630 Messis
374 594 492 630 multa
528 597 565 629 et
622 592 783 639 operarii

172 642 296 688 pauci,
323 642 411 688 quid
445 640 482 676 in
504 651 618 677 sensu
643 640 785 686 allego·

173 689 250 725 rico
271 689 521 735 significent?

148 739 169 772 5
190 736 271 773 Bini
298 737 346 773 ad
381 734 670 783 praedicandum
702 733 785 770 mit-

171 787 301 820 tuntur
322 782 505 830 Apostoli.

149 833 377 875 4Docentur
412 841 485 877 quo
525 840 683 876 pergere
719 829 783 865 de-

173 879 299 915 beant.

148 928 293 971 sltem,
331 925 421 972 quid
455 925 681 961 annuntiare
719 923 784 959 de-

172 974 303 1010 beant.

148 1024 168 1055 6
190 1022 361 1057 Potestas
393 1019 576 1056 miracula
608 1018 783 1066 patrandi

170 1068 360 1115 Apostolis
379 1078 569 1103 concessa.

149 1131 167 1162 7
189 1115 313 1152 Gratis
366 1115 458 1151 dare
511 1114 650 1150 debent
685 1114 781 1160 quod

172 1163 289 1210 gratis
308 1165 550 1209 acceperunt.

857 547 899 591 57

999 498 1019 530 8
1040 494 1138 531 Nihil
1184 492 1347 528 serentes
1391 489 1427 525 in
1465 488 1545 532 via,
1586 488 1632 523 ab

1025 542 1127 579 omni
1155 537 1421 584 temporalium
1455 534 1635 574 sollicitu-

1024 589 1111 625 dine
1130 588 1355 624 liberantur.

1000 653 1021 685 9
1046 637 1173 673 Victus
1194 645 1216 671 a
1244 630 1559 680 praedieatoribns
1580 641 1637 666 ae-

1024 684 1095 731 cipi
1116 686 1252 730 potest.

981 748 1021 769 ιο
1036 731 1131 776 Quid
1151 729 1288 767 tunieae
1308 728 1391 764 duae
1412 728 1449 763 et
1467 724 1573 771 virga
1595 724 1631 760 in

1023 790 1137 815 sensu
1158 775 1416 823 metaphorieo
1435 774 1453 810 ‘1

980 843 1016 864 ιι
1039 825 1243 863 FestInatio
1282 823 1329 859 ad
1356 819 1636 870 praedicandum

1022 873 1251 910 necessaria.

980 937 1018 959 12
1039 923 1181 968 Hospes
1202 931 1223 956 a
1241 915 1556 966 prsedieatoribus
1573 913 1638 951 eli-

1023 970 1183 1015 gendus,
1198 978 1268 1003 nec
1288 965 1396 1002 facile
1417 963 1634 1000 mutandus.

981 1020 1020 1053 15
1043 1016 1151 1052 Pacis
1207 1013 1349 1060 optatio
1396 1011 1637 1058 pulverisque

1024 1061 1192 1100 excussio
1213 1061 1301 1108 quid
1323 1059 1567 1105 significent?

980 1115 1020 1155 14
1042 1110 1213 1147 Gravitas
1239 1107 1382 1154 peccati
1418 1105 1639 1153 praedicato-

1022 1169 1102 1194 rem
1121 1155 1416 1203 repudiantium.

436 1311 586 1348 CAPUT
605 1311 677 1347 LII.
699 1329 744 1337 -—
765 1312 814 1346 De
830 1309 1011 1356 patientia
1028 1308 1068 1343 in
1084 1306 1249 1352 adversis
1270 1303 1449 1339 habenda.

152 1451 163 1472 1
186 1435 374 1473 Patientia
394 1434 634 1482 praedicatori
656 1446 784 1472 neces-

171 1484 285 1529 saria,
301 1484 365 1530 qui
387 1483 489 1519 velut
514 1483 594 1519 ovis
612 1483 710 1519 inter
730 1483 787 1518 lu-

171 1542 239 1578 pos
259 1531 436 1567 mittitur.

148 1592 165 1613 2
190 1579 394 1615 Prudentia
413 1576 614 1623 serpentis,
643 1588 664 1613 a
685 1587 783 1623 prae-

172 1623 591 1672 dieatore‚simplieitati
603 1624 785 1660 columbae

173 1674 430 1720 adjungenda.

149 1721 406 1806 SbCavendum
441 1730 464 1756 a
488 1718 598 1756 malis
622 1717 786 1755 homini-

198 1780 254 1805 us.

150 1820 170 1860 4
192 1815 365 1853 Christus
400 1812 590 1862 Apostolis
643 1813 787 1849 suturas

172 1863 457 1910 persecutiones
477 1860 662 1909 praedieit.

151 1915 170 1947 5
190 1911 262 1948 Sed
283 1921 348 1947 eos
385 1921 463 1946 non
486 1920 569 1945 esse
605 1907 788 1944 sollicitos

173 1959 354 1995 admonet
393 1958 440 1994 de
476 1955 790 2004 responsionibus

176 2010 265 2042 tune
290 2004 486 2041 faciendis.

152 2057 172 2088 6
190 2052 497 2089 Persecutionem
598 2050 790 2098 patientur

175 2100 289 2137 etiam
304 2101 350 2137 ab
363 2099 491 2136 amieis
507 2102 544 2135 et
556 2098 792 2146 parentibus.

864 1533 902 1572 ’,Β

863 1674 903 1713 sifi

861 1768 903 1811 [17

864 1863 906 1903 48

865 2004 909 2045 48

867 2101 875 2117 Ι

866 2113 908 2143 ts)
946 2113 951 2133 ²

1002 1450 1020 1481 7
1034 1431 1236 1469 Praemium
1248 1425 1576 1477 perseverantibus
1586 1435 1639 1460 re-

1024 1479 1266 1527 promissum.
1614 1517 1622 1525 ι

1002 1532 1021 1564 8
1041 1526 1254 1573 Aliquando
1275 1525 1363 1570 fuga
1379 1520 1640 1570 praedieatorl-

1023 1577 1093 1612 bus
1134 1572 1366 1621 permittitur
1383 1599 1392 1616 ‚
1433 1566 1639 1615 aliquando

1024 1633 1112 1658 non.

1001 1687 1021 1719 9
1041 1668 1213 1706 Christus
1232 1666 1433 1713 Apostolos
1456 1664 1502 1700 ad
1520 1662 1642 1699 tribu-

1025 1717 1186 1753 lationes
1205 1718 1242 1751 et
1259 1712 1559 1760 vituperationes
1581 1712 1639 1744 to—

1025 1764 1203 1801 lerandas
1246 1761 1416 1807 exemplo
1463 1757 1641 1805 suiipsius

1026 1813 1215 1849 hortatur.

985 1874 1025 1896 ιο
1043 1861 1221 1896 Hortatur
1247 1857 1361 1893 etiam
1394 1866 1458 1892 eos
1480 1853 1528 1889 ad
1548 1852 1643 1888 tole-

1028 1906 1191 1944 rantiam
1206 1916 1249 1941 ex
1268 1900 1571 1941 consideratione
1591 1899 1641 1935 di·

1028 1953 1105 1990 vini
1141 1951 1286 2000 judicii,
1316 1951 1378 1988 ubi
1419 1948 1640 1986 manifesta·

1029 2003 1169 2039 buntur
1192 1998 1333 2036 omnia.

987 2066 998 2087 1
1010 2065 1022 2086 1
1048 2048 1205 2094 Pigritia
1219 2050 1348 2084 nostra
1361 2044 1495 2082 merito
1516 2051 1642 2089 repre-

1030 2096 1219 2133 henditur.

318 2259 466 2297 CAPUT
486 2259 577 2296 LIII.
600 2278 646 2285 —
663 2259 714 2294 De
733 2261 845 2294 morte
863 2268 935 2294 non
957 2256 1118 2293 timenda
1139 2257 1172 2291 et
1197 2254 1337 2292 Christo
1358 2250 1569 2298 confitendo.

157 2405 167 2426 1
194 2392 246 2426 De
277 2394 399 2427 morte
434 2390 604 2438 corporis
629 2393 785 2438 propter

176 2449 238 2474 sex
260 2439 427 2474 rationes
446 2450 522 2475 non
542 2439 722 2475 timenda.

158 2499 175 2521 α
200 2485 328 2521 Prima
357 2486 469 2529 ratio,
504 2497 547 2522 ex
579 2485 791 2522 considera-

176 2533 279 2569 tione
298 2533 475 2569 humanae
498 2534 742 2580 impotentiae.

152 2583 172 2615 5
192 2580 364 2616 Secunda
385 2580 496 2625 ratio,
510 2592 554 2617 ex
574 2580 789 2616 considera-

176 2629 280 2663 tione
307 2626 443 2663 divinae
470 2627 682 2674 potestatis,
705 2638 790 2673 quae

179 2674 260 2710 sola
278 2673 448 2710 timenda
467 2678 537 2711 est.

153 2725 174 2765 [ι
195 2721 320 2774 [sertia
359 2721 469 2767 rano,
502 2733 545 2758 ex
575 2722 791 2758 considera-

178 2771 280 2804 tlone
302 2769 553 2806 Providentiae
575 2769 726 2814 divinae.

162 2818 180 2850 5
203 2816 342 2860 Quarta
371 2817 484 2864 ratio,
506 2828 548 2853 ex
575 2814 794 2853 consi‘dera-

860 2440 902 2472 55

862 2535 906 2567 5ss

866 2676 881 2695 Γ

866 2688 908 2720 07

868 2770 912 2804 58

1017 2388 1121 2425 tione
1142 2389 1276 2425 futurae
1296 2383 1587 2424 resurrectionis
1600 2383 1639 2420 in

1019 2437 1095 2472 fine
1117 2437 1260 2473 mundi.

997 2485 1017 2518 6
1038 2483 1176 2527 Quinta
1204 2483 1315 2525 ratio,
1355 2493 1398 2519 ex
1427 2480 1641 2518 considera-

1021 2531 1125 2567 tione
1163 2532 1284 2568 beatae
1341 2528 1608 2566 retributionis
1630 2555 1641 2568 ,

1023 2580 1170 2616 Christo
1214 2578 1423 2614 confitente
1455 2586 1520 2611 eos
1576 2574 1639 2620 qui

1024 2627 1147 2673 ipsum
1174 2624 1336 2661 confessi
1358 2625 1513 2660 I'uerInt.

1001 2688 1021 2719 7
1043 2675 1153 2710 Sexta
1184 2674 1296 2716 ratio,
1337 2683 1379 2708 ex
1418 2669 1638 2706 considera-

1024 2720 1130 2757 tione
1164 2720 1298 2756 futurae
1346 2716 1602 2754 damnationis
1625 2746 1635 2760 ‚

1027 2768 1175 2805 Christo
1191 2769 1351 2813 negante
1363 2776 1427 2801 eos
1439 2764 1500 2810 qui
1515 2763 1639 2810 ipsum

1027 2816 1263 2859 negaverint.

1697 174 1757 209 3²15

1717 1474 1760 1504 ¹50

1715 1613 1732 1649 ἶ)
1741 1627 1760 1647 o

1717 1806 1759 1838 ἵν),

1713 2006 1731 2026 '‘
1748 2010 1753 2035 ι

1715 2091 1757 2121 55

1714 2436 1756 2479 ⁵ss

1714 2624 1756 2655 Gn

1715 2812 1758 2843 450
