1894 3186
360 183 412 215 DE
452 181 730 215 REFEGTlnM:
768 182 971 220 otA't'ltnlt
1009 180 1197 214 Mittunt
1241 180 1452 212 ltanNtit.
1693 179 1750 209 3313

117 254 218 290 enim
254 252 483 297 ministerio,
509 256 543 288 et
574 254 616 287 lit
646 252 822 288 adductio
850 253 896 289 ad

116 302 244 345 fidem,
288 304 326 336 et
365 300 500 336 solutio
550 299 596 334 ad
647 299 896 335 reconciliat-

116 359 242 392 onem,
272 353 308 384 et
328 346 542 383 distributio
565 346 611 382 ad
640 346 895 383 relectionem.

117 395 226 431 Dedit
248 394 347 431 enim
370 405 501 441 panes,
524 393 612 439 quia
631 404 739 440 panis
764 397 819 430 est
839 394 898 430 ci-

116 444 187 479 bus
211 453 283 488 quo
312 446 543 478 sustentatur
569 441 664 483 vita;
695 441 814 487 pisces
836 453 898 477 ve-

116 489 610 526 rodeditincondimentum
622 487 898 531 cibi,ad‹›sten-

118 537 284 573 dendum
297 536 396 582 quod
408 535 494 582 pani
507 535 607 571 verbi
619 536 829 571 addendum
844 540 900 572 est

119 583 398 620 condimentum
411 582 501 619 boni
519 582 696 628 exempli3
719 583 835 626 magis
851 587 902 619 et-

119 630 220 668 enim
241 631 401 667 suadent
421 641 550 677 opera,
573 641 686 676 quam
710 632 837 666 verba.
858 632 899 666 Et

119 678 291 731 discipuli
316 681 573 725 apposuerunt
599 677 734 720 turbae,
764 677 801 712 in
828 689 901 723 qua

120 730 357 772 apposmone
379 729 577 762 creverunt
597 735 664 771 per
691 735 797 760 nova]
820 736 900 761 ma-

120 775 226 810 teriae
244 772 489 817 creationem,
511 775 547 808 et
566 773 614 808 ad
635 771 718 808 illos
740 772 900 809 additio-

122 832 229 864 nem;
260 832 337 857 non
361 820 462 856 enim
490 823 688 856 creverunt
709 830 776 865 per
797 831 895 855 rare-

121 868 339 912 factionem,
362 867 449 913 quia
472 871 559 903 tunc
586 877 724 913 corpus
754 866 903 903 illorum

122 915 254 952 fuisset
274 915 448 951 subtilius
469 919 581 960 atque
603 914 724 950 rarius
748 925 903 961 corpore

124 962 299 999 aliorum.
330 963 434 999 Unde
461 964 692 1006 Augustinus
721 975 731 997 :
762 975 779 995 «
808 962 906 998 Nihil

123 1010 327 1047 absurdius
369 1021 482 1056 quam
519 1009 658 1053 dicere,
695 1010 796 1055 quod
830 1009 906 1045 ali-

123 1058 212 1105 quid
252 1062 397 1094 crescat
431 1057 533 1093 nullo
572 1057 829 1103 superaddito,
870 1060 907 1092 et

126 1116 202 1142 non
230 1109 410 1141 rarescat.
436 1119 453 1138 »
494 1105 718 1141 Studeamus
742 1115 831 1151 crgo
872 1107 908 1140 et

126 1164 196 1189 nos
207 1157 402 1199 acceptum
417 1163 552 1199 panem
574 1151 712 1187 divinoe
725 1151 904 1192 scientias,

124 1211 193 1247 per
206 1199 515 1246 praedicationem
535 1199 618 1235 aliis
635 1209 823 1244 apponere
838 1211 845 1241 ;
861 1210 907 1234 ne

126 1258 193 1294 per
214 1254 381 1283 nostram
410 1246 678 1293 negligentiam
700 1246 737 1281 in
764 1245 824 1281 via
841 1246 905 1281 de-

131 1295 277 1338 ficiant,
313 1298 349 1331 et
383 1295 481 1330 same
519 1297 686 1340 pereant.
729 1292 907 1329 Conversi

130 1352 291 1387 namquo
312 1341 581 1388 peccatoresin
604 1339 800 1387 praesentis
824 1339 909 1375 vitae

128 1389 189 1425 via
215 1389 410 1433 deficiunt,
440 1388 469 1425 si
504 1389 542 1424 in
586 1399 653 1425 sua
680 1387 911 1423 conscientia

128 1436 210 1473 sine
232 1436 413 1472 doctrinae
435 1436 573 1482 pabulo
601 1434 721 1482 jejuni
743 1438 780 1471 et
804 1434 909 1470 vacui

129 1483 381 1520 dimittantur.
411 1485 462 1519 Ne
501 1483 615 1529 igitur
650 1483 837 1518 lassentur
871 1481 910 1517 in

128 1532 240 1577 hujus
262 1530 581 1577 peregrinationis
596 1530 743 1575 itinere,
758 1539 911 1576 pascen-

130 1578 167 1615 di
189 1582 277 1615 sunt
298 1589 405 1614 sacra
425 1577 698 1614 admonitione.

177 1642 196 1673 7
216 1627 406 1662 DISCRETJO
434 1637 541 1662 Huius
562 1637 728 1661 mimenni
749 1636 771 1660 A
792 1636 911 1660 CONSI-

130 1685 203 1710 MlLi
218 1685 393 1709 MIRACULO
406 1685 500 1709 ALmi
515 1685 636 1709 FACTO.
653 1694 698 1699 —
714 1674 791 1708 Hoc
808 1683 910 1715 vero,

131 1720 233 1757 inter
252 1722 350 1757 hanc
383 1720 640 1764 relectionem,
663 1725 700 1756 et
735 1719 837 1755 illam
865 1719 911 1755 de

129 1768 295 1815 quinque
322 1768 480 1814 panibus
509 1771 546 1804 et
572 1768 719 1804 duobus
746 1766 910 1813 piscibus

126 1816 254 1859 distat,
288 1816 466 1861 quodibi
502 1826 569 1861 per
594 1815 759 1861 quinque
793 1824 911 1859 panes

127 1863 366 1909 significatur
398 1862 570 1899 doctrina
603 1861 749 1898 Veteris
779 1863 909 1897 Testa-

130 1910 260 1955 menti,
281 1911 485 1947 secundum
502 1910 665 1956 quinque
685 1909 800 1945 libros
818 1910 912 1955 Moy-

129 1958 204 2002 sis3
227 1968 295 2004 per
317 1963 461 2005 septem
487 1968 605 2004 panes
625 1956 797 1992 doctrina
819 1955 911 1991 Novi

129 2005 374 2049 Testamenti,
400 2008 434 2041 in
468 2016 542 2051 quo
577 2003 720 2049 plenius
747 2007 782 2039 et
814 2003 910 2039 rele-

130 2056 240 2089 vatur
260 2056 297 2088 et
319 2053 429 2089 datur
446 2051 674 2098 septiformis
691 2050 812 2098 gratia
828 2051 910 2095 Spi-

130 2100 226 2137 ritus
253 2100 392 2136 Sancti.
432 2101 538 2143 Item,
575 2103 729 2145 propter
767 2102 911 2143 septem

130 2147 398 2192 beatitudines,
429 2151 466 2183 et
497 2151 651 2193 propter
677 2149 820 2192 septem
853 2156 910 2181 sa-

131 2199 338 2238 cramenta,
358 2199 394 2231 et
409 2199 563 2241 propter
576 2197 718 2240 septeni
737 2192 910 2237 virtutes,

133 2241 276 2278 scilicet
298 2253 306 2278 ε
333 2246 409 2278 tres
431 2241 674 2287 theologicas,
695 2244 732 2277 et
753 2244 913 2286 quatuor

132 2289 354 2326 cardinales.
383 2290 439 2326 Illi
471 2293 671 2336 propterea
697 2286 912 2331 hordeacei,

135 2336 195 2373 isti
231 2336 367 2373 triticei
394 2340 500 2373 erant
531 2349 538 2373 :
567 2336 655 2382 quia
686 2334 913 2378 deliciosior,

134 2383 314 2431 sapidior,
334 2387 371 2420 et
396 2383 633 2420 manifestior
665 2386 720 2418 est
744 2382 914 2418 doctrina

134 2431 225 2468 Novi
259 2431 486 2468 Testamenti
515 2442 627 2477 quam
664 2429 823 2467 Veteris.
861 2428 912 2464 Ibi

133 2490 202 2526 per
237 2479 331 2515 duos
358 2480 494 2525 pisces,
517 2479 600 2515 duae
630 2488 802 2524 personae
830 2487 913 2522 quae

134 2527 316 2573 populum
358 2527 574 2571 pascebant,
621 2524 883 2569 intelliguntur
904 2551 913 2567 ,

137 2573 278 2609 scilicet
292 2584 355 2609 rex
377 2578 414 2609 et
432 2574 623 2616 sacerdos,
641 2572 704 2618 qui
724 2572 916 2617 ungeban-

136 2624 218 2665 tur;
239 2621 298 2656 hic
319 2631 387 2666 per
412 2631 550 2664 paucos
565 2620 762 2667 pisciculos
778 2617 914 2653 intelli-

136 2672 277 2714 guntur
297 2668 422 2704 San‹·ti
451 2667 629 2704 fluctibus
657 2665 769 2702 seculi
800 2667 913 2710 tunsi,

137 2714 199 2762 qui
233 2715 278 2750 de
315 2715 544 2751 turbulentiS
576 2714 751 2751 fluctibus
781 2712 915 2759 erepti,

138 2762 382 2799 refectionem
404 2763 513 2799 nobis
534 2762 723 2798 internam
750 2760 917 2806 exemplo

141 2820 218 2846 suae
238 2809 339 2856 vitae,
362 2820 405 2847 ac
419 2820 555 2857 sopore
573 2809 705 2846 mortis
718 2819 762 2845 ac
777 2807 919 2855 patien-

973 251 1033 286 tiae
1054 251 1239 296 praebent,
1268 250 1552 294 doctrinamque
1572 246 1664 284 Novi
1686 249 1754 283 Te-

973 298 1149 334 stamenti
1178 301 1368 341 tamquam
1396 308 1529 343 panem
1544 294 1749 338 condiunt3

972 356 1132 391 quorum
1155 344 1232 389 ipsa
1254 344 1446 389 Scriptura
1468 343 1596 386 tidem,
1623 342 1751 385 vitam,

972 396 1008 429 et
1038 391 1230 438 passiones
1264 392 1442 434 continet,
1481 390 1542 435 qui
1573 390 1749 425 dicuntur

973 438 1156 486 pisciculi,
1192 443 1344 484 propter
1372 438 1647 480 liumilitate1113
1684 435 1749 472 sed

975 486 1096 534 pauci,
1126 489 1279 532 propter
1312 485 1594 530 perfectionem,
1629 483 1717 530 quia
1742 494 1751 518 z

973 536 1175 571 scutorum
1207 535 1374 578 infinitus
1401 536 1451 568 est
1476 542 1658 571 numeruS,
1684 534 1721 566 et
1743 541 1752 565 z

974 584 1085 618 Multa·
1098 584 1183 616 sunt
1197 582 1328 619 vocati,
1341 582 1452 625 pauci
1466 590 1547 614 vero
1564 581 1678 614 electi.
1701 578 1753 613 lbi

975 640 1088 675 super
1108 629 1264 671 foenum,
1287 627 1353 663 sed
1375 626 1433 662 hic
1455 638 1528 662 non
1546 626 1623 671 jam
1643 635 1756 671 super

975 677 1131 720 foenum,
1143 675 1207 711 sed
1219 678 1480 721 superterram
1492 674 1755 709 discumbunt:

975 724 1021 759 ad
1040 722 1315 759 ostendendum
1342 722 1443 768 quod
1464 720 1501 756 in
1520 720 1643 756 Veteri
1663 721 1757 765 Lege

976 775 1128 807 terrena
1148 770 1481 816 promittebantur,
1507 768 1571 803 sed
1594 767 1632 802 in
1656 768 1759 802 N.·va

977 820 1074 865 Lege
1095 818 1157 853 illa
1192 816 1381 853 contemni
1406 820 1441 852 et
1468 813 1660 861 subjugari
1685 813 1759 849 do-

979 870 1122 909 centur,
1145 864 1232 911 quia
1253 866 1417 900 convivae
1432 863 1522 899 Novi
1541 864 1759 898 Testamen-

979 913 1020 956 ti,
1042 912 1191 949 divitias
1209 915 1244 948 et
1261 911 1429 955 delicias,
1445 921 1488 946 ac
1508 909 1621 946 etiam
1640 909 1758 954 ipsam

981 971 1145 1004 carnem,
1176 970 1258 1006 qnae
1286 960 1426 995 foenum
1454 961 1523 1002 est,
1553 958 1698 993 calcare
1724 959 1762 991 et

981 1007 1406 1054 relinquerejubentur3
1425 1016 1527 1051 quos,
1545 1003 1644 1040 omni
1664 1004 1761 1049 cupi-

982 1055 1097 1091 ditate
1119 1053 1288 1090 {eternali
1317 1058 1476 1098 remota,
1498 1052 1576 1098 spei
1603 1061 1759 1098 perma-

983 1102 1105 1139 nentis
1124 1103 1420 1144 firmamentum,
1435 1104 1630 1145 tamquam
1649 1103 1759 1134 terrae

983 1149 1174 1193 sterilitas,
1192 1149 1292 1185 nullo
1310 1150 1408 1184 l'oeno
1425 1146 1660 1193 interposito,
1675 1156 1761 1181 con-

982 1197 1088 1233 tinet.
1113 1198 1165 1232 lb1
1186 1197 1336 1232 fuerunt
1357 1195 1522 1240 quinque
1546 1193 1663 1228 milla
1693 1193 1761 1228 ho-

983 1244 1267 1288 minu1n,juxta
1303 1252 1502 1278 numerum
1537 1250 1690 1286 panum,
1727 1242 1761 1275 et

980 1292 1085 1338 juxta
1122 1300 1321 1326 numerum
1376 1288 1542 1335 quinque
1584 1298 1762 1323 sensuum

984 1339 1119 1384 quibus
1141 1337 1401 1380 inhaerebant3
1424 1336 1483 1372 hic
1496 1338 1658 1381 quatuor
1679 1334 1762 1370 mil—

984 1387 1048 1430 lia,
1077 1386 1140 1431 qui
1170 1384 1388 1431 significant
1422 1382 1651 1429 spirituales,
1679 1392 1762 1428 pro-

984 1437 1067 1480 pter
1081 1436 1244 1478 quatuor
1261 1431 1551 1477 Evangeliorum
1564 1428 1764 1476 perfectio-

986 1491 1087 1524 nem,
1100 1480 1155 1515 vel
1169 1483 1325 1526 propter
1339 1482 1501 1524 quatuor
1514 1476 1763 1513 cardinalium

984 1528 1179 1571 virtutum,
1204 1526 1338 1572 quibus
1360 1528 1396 1560 in
1419 1526 1489 1561 hac
1509 1524 1584 1560 vita
1605 1523 1764 1569 spiritu-

985 1576 1094 1612 aliter
1134 1573 1283 1613 vivitur.
1322 1571 1645 1609 exercitationem.
1693 1572 1765 1606 Per

987 1626 1147 1669 quatuor
1170 1621 1283 1657 etiam
1319 1620 1438 1656 millia
1469 1618 1680 1663 hominum,
1702 1617 1765 1664 qui

986 1669 1177 1707 Christum
1218 1671 1304 1704 sunt
1341 1667 1457 1704 secuti
1481 1694 1491 1709 ,
1531 1666 1766 1711 significatur

986 1716 1186 1753 multitudo
1224 1715 1458 1751 credentium
1488 1714 1527 1750 in
1561 1713 1763 1757 Christum,

985 1766 1032 1801 de
1066 1768 1229 1810 quatuor
1270 1762 1399 1798 mundi
1436 1761 1619 1808 partibus.
1651 1762 1766 1796 Erant

986 1815 1111 1849 autem
1132 1815 1200 1855 tot,
1231 1810 1394 1856 exceptis
1423 1808 1587 1855 parvulis
1616 1811 1653 1844 et
1681 1818 1761 1843 mu-

985 1859 1154 1902 lieribus,
1178 1857 1240 1904 qui
1264 1868 1339 1893 non
1361 1859 1610 1892 numerantur
1638 1856 1675 1890 in
1702 1856 1765 1890 Le-

985 1918 1050 1954 ge3
1076 1905 1267 1942 neminem
1294 1904 1395 1941 enim
1423 1902 1578 1939 dimittit
1598 1902 1764 1938 Christus

981 1955 1166 2001 Jejunum‚
1202 1953 1268 1989 sed
1293 1962 1424 1988 omnes
1455 1951 1532 1987 vult
1556 1961 1623 1985 sua
1643 1949 1765 1995 gratia

984 2006 1167 2038 saturare.
1191 2001 1244 2036 lbi
1265 1998 1449 2045 cophinos
1469 1998 1633 2043 aequales
1657 1996 1766 2032 disci-

984 2049 1084 2096 pulis
1105 2048 1205 2092 secit,
1231 2052 1272 2083 ut
1302 2046 1397 2082 sicut
1424 2044 1623 2082 duodecim
1657 2046 1763 2080 erant

987 2095 1122 2134 Christi
1163 2093 1344 2142 Apostoli,
1374 2092 1426 2129 sic
1458 2091 1657 2128 duodecim
1691 2093 1764 2127 t'ra-

986 2147 1226 2190 gmentorum
1241 2141 1389 2188 cophini
1403 2152 1411 2185 ;
1429 2139 1488 2176 hic
1503 2150 1589 2176 vero
1604 2138 1768 2185 aequales

986 2191 1163 2239 panibus,
1187 2194 1227 2226 ut
1247 2189 1342 2225 sicut
1363 2189 1510 2224 fucrant
1530 2191 1769 2236 septempa-

988 2250 1068 2282 nes,
1092 2238 1144 2274 sic
1163 2242 1306 2283 septem
1328 2240 1466 2282 sportae
1501 2235 1607 2278 Quod
1627 2237 1770 2278 autem,

987 2285 1106 2322 turbis
1138 2284 1329 2322 saturatis.
1360 2282 1528 2329 Apostoli
1559 2283 1771 2328 fragmenta

988 2333 1184 2379 colligunt,
1207 2336 1243 2368 et
1263 2335 1407 2378 septem
1428 2334 1575 2377 sportas
1596 2329 1768 2376 implent,

987 2379 1125 2427 triplici
1138 2381 1184 2416 de
1199 2390 1311 2415 causa
1327 2380 1465 2414 sactum
1482 2381 1551 2413 est.
1569 2398 1614 2402 -
1628 2376 1766 2420 Primo,

988 2432 1141 2475 propter
1162 2426 1392 2473 mysterium,
1416 2424 1504 2472 qula
1527 2428 1614 2460 sunt
1634 2424 1769 2460 altiora

988 2475 1228 2523 perfectionis
1246 2477 1435 2520 praecepta
1449 2479 1486 2508 et
1497 2471 1668 2514 consilia,
1683 2482 1765 2516 quie

989 2523 1200 2559 communis
1223 2523 1331 2558 turba
1366 2520 1496 2566 nequit
1519 2518 1702 2555 servando
1731 2520 1768 2553 et

989 2570 1180 2617 implendo
1199 2568 1398 2616 attingere,
1422 2577 1582 2613 quorum
1615 2576 1767 2601 exsecu-

990 2617 1041 2654 tio
1066 2616 1216 2663 respicit
1235 2616 1336 2652 viros
1356 2614 1569 2661 spirituales
1589 2612 1761 2659 pr·.,prie;

991 2671 1028 2701 et
1047 2664 1131 2701 ideo
1150 2664 1315 2710 Apostoll
1340 2662 1541 2698 sustollunt
1561 2665 1597 2695 et
1613 2660 1770 2706 implent

992 2719 1135 2759 septem
1158 2716 1318 2758 sportas,
1335 2710 1372 2745 id
1387 2713 1441 2744 est
1456 2711 1640 2754 periectos
1660 2705 1771 2753 septi-

991 2760 1123 2796 formis
1158 2759 1318 2806 Spiritus
1340 2756 1462 2804 gratia
1492 2755 1714 2797 illustratos,
1736 2756 1773 2789 et

993 2810 1122 2844 tamen
1148 2807 1261 2843 turba
1286 2807 1455 2841 saturata
1475 2813 1557 2839 esse
1583 2812 1773 2839 memora-
