1894 3186
312 198 363 231 DE
401 194 725 230 INCREPATIONE
767 192 1098 228 PHARISAEORUM
1136 192 1187 226 ET
1222 192 1506 227 LEGISPERIT.
1663 185 1725 223 233

97 271 274 314 recubuit,
299 271 336 305 et
360 264 557 314 requievit,
580 265 616 300 id
644 268 698 300 est
732 265 779 301 ad
815 276 872 301 co-

98 318 323 356 medendum
354 326 393 352 se
427 313 562 361 posuit.
588 313 720 349 Omisit
746 317 871 349 autem

97 367 225 403 lavare
259 374 404 407 manus,
442 365 481 397 ut
516 361 665 396 illorum
704 372 871 397 errorem

99 413 317 460 corrigeret,
341 411 403 456 qui
439 409 643 444 credebant
676 409 775 454 quod
809 409 873 444 illa

94 460 186 497 lotio
226 460 274 496 ad
312 460 469 494 salutem
503 457 716 492 necessaria
749 459 870 501 esset,

93 506 201 555 quasi
234 517 300 553 per
326 516 408 542 eam
444 503 602 539 interior
634 503 827 539 mundatio
852 515 871 539 a

92 554 254 602 peccatis
290 554 423 598 fieret3
459 555 496 587 et
526 556 565 586 ut
595 551 872 586 demonstr-iret

94 602 195 649 quod
227 612 297 637 non
325 602 408 636 lotis
444 599 612 635 manibus
638 600 872 644 mammetis-e,

94 661 165 686 non
185 650 398 694 coinquinat
418 648 612 682 hominem.
636 646 740 682 Unde
770 647 875 682 Plia—

94 698 222 734 risaeus
242 698 340 732 intra
357 706 394 731 se
417 693 677 732 murmuravit,
702 698 738 729 et
758 705 876 738 repu-

93 746 187 781 tavit
209 754 383 790 magnam
405 753 487 778 csse
505 742 664 787 culpam,
689 742 787 786 qnod
810 752 876 777 se—

94 793 258 829 cundum
286 789 509 827 traditiones
539 790 770 833 Jnilaen‘um,
801 799 875 824 non

98 842 193 876 esset
209 840 306 875 lotus
327 841 414 874 ante
434 836 643 882 prandium.
668 836 760 871 Mira
779 836 878 871 stul—

98 886 207 923 titia!
239 885 373 922 Filium
397 883 463 921 Dei
488 883 701 919 Pharisaeus
722 883 791 919 isle
811 895 879 919 ar—

101 935 194 982 guit,
233 934 322 980 quia
352 934 539 979 praecepta
570 931 767 967 hominnm
802 942 878 967 non

102 985 241 1026 servat,
283 979 348 1027 qui
385 978 651 1016 traditionibus
684 978 880 1015 hominum

105 1030 296 1076 subjectns
316 1039 391 1063 non
413 1030 507 1063 erat.

150 1091 167 1114 2
208 1077 387 1112 PHAnlsAEi
425 1085 608 1110 PERPERAM
645 1086 689 1110 m:
736 1086 881 1110 nonum

99 1136 285 1162 EXTERIORI
312 1134 453 1159 Tan-Tun
489 1133 669 1157 soLLicm.
696 1143 740 1147 «-
758 1121 880 1157 Domi-

98 1183 170 1209 nus
193 1176 319 1208 autem
355 1169 574 1217 cogitationi
602 1169 701 1204 illius
728 1179 879 1214 respon-

99 1221 166 1264 dit,
188 1218 394 1255 ostendens
417 1228 482 1262 per
501 1218 571 1252 1100
586 1227 624 1252 se
644 1227 725 1252 esse
747 1218 877 1260 Deum,

101 1267 159 1304 cui
179 1267 281 1302 nuda
301 1270 337 1301 et
360 1269 491 1311 aperta
512 1266 598 1299 sunt
624 1266 769 1298 secreta
790 1274 880 1298 cor-

101 1315 226 1358 dium3
249 1318 284 1348 et
306 1312 432 1358 arguit
453 1312 554 1357 ipsos
579 1310 879 1356 Pl‘iarisoeos,qui

100 1362 201 1409 quod
221 1361 311 1397 foris
329 1364 411 1396 erat
434 1370 456 1395 a
477 1357 650 1394 sordibus
677 1358 879 1394 exteriori-

99 1410 168 1446 bus
196 1408 443 1451 mundabant,
464 1410 501 1441 et
531 1406 632 1452 quod
655 1407 754 1441 intus
783 1410 878 1450 erat,

102 1468 124 1493 a
160 1456 305 1492 macula
344 1454 501 1500 rapinae,
529 1455 569 1488 et'
604 1452 812 1499 iniquitatis
845 1458 881 1488 et

103 1504 246 1540 fraudis
265 1513 339 1538 non
359 1501 616 1537 mundabant:
635 1500 757 1546 quide
776 1511 882 1535 mun-

101 1552 195 1587 ditia
232 1548 406 1585 exteriori
446 1549 484 1583 in
525 1546 622 1582 vasis
661 1552 698 1583 et
740 1558 881 1593 corpo-

104 1598 212 1635 ribus
232 1596 308 1633 suis
342 1600 450 1632 erant
481 1594 640 1630 multum
667 1594 816 1630 solliciti
847 1597 882 1630 et

102 1645 315 1692 diligentes,
358 1647 396 1679 et
428 1643 473 1678 de
500 1642 683 1677 munditia
710 1642 882 1678 interiori

100 1693 218 1739 ipsius
238 1690 375 1728 mentis
393 1689 640 1736 negligentes,
662 1692 699 1725 et
727 1700 801 1725 non
822 1701 881 1725 cu-

103 1744 249 1785 rantes,
288 1749 373 1774 eum
399 1743 522 1773 tamen
560 1736 694 1772 morito
725 1737 883 1773 deberet

99 1798 182 1824 esse
208 1798 228 1823 e
250 1796 429 1822 converso
453 1796 460 1820 :
483 1784 570 1829 qnia
595 1784 753 1820 interior
774 1795 882 1820 mun-

104 1835 196 1871 ditia
218 1838 275 1870 est
306 1831 552 1872 necessitatis,
572 1833 738 1868 exterior
757 1837 884 1868 autem

105 1881 338 1919 solummodo
356 1878 579 1924 honestatis,
601 1880 701 1916 unde
723 1890 797 1916 non
819 1879 884 1915 in-

105 1931 223 1966 terior
241 1957 250 1974 ,
291 1928 358 1964 sed
397 1927 561 1964 exterior
609 1927 690 1962 sine
729 1931 882 1973 peccato

106 1975 229 2014 omitti
249 1979 386 2023 potest.
418 1976 462 2010 Et
492 1973 575 2009 ideo
597 1974 767 2010 Christus
787 1978 885 2010 exte-

109 2024 248 2060 riorem
284 2022 463 2058 lotionem
492 2021 632 2067 omisit,
655 2026 694 2058 ut
729 2022 886 2058 haberet

108 2070 344 2108 occasionem
371 2068 553 2116 arguendi
579 2070 804 2113 Pharisaeos,
840 2070 885 2104 de

111 2118 285 2155 exteriori
307 2117 494 2153 munditia
524 2120 669 2152 tantum
696 2120 886 2161 curantes,

113 2169 150 2202 et
184 2164 402 2201 interiorem
434 2163 693 2209 negligentes,
726 2164 887 2200 exterius

113 2213 331 2250 simulantes
353 2211 539 2258 Justitiam
573 2214 610 2247 et
636 2211 886 2256 sanctitatem,

111 2260 212 2297 intus
234 2260 440 2296 retinentes
466 2260 671 2305 nequitiam
693 2262 729 2295 et
750 2258 888 2304 iniqui-

112 2311 241 2344 tatem.
263 2307 348 2352 Sed,
370 2318 390 2343 o
414 2307 615 2351 Pharisaee,
634 2307 774 2343 munda
788 2306 890 2352 prius

112 2355 212 2402 quod
235 2354 337 2390 intus
359 2353 580 2398 est,scilicet
601 2365 664 2390 cor
679 2354 891 2390 etanimam

112 2413 134 2439 a
154 2401 286 2438 fraude
310 2404 347 2437 et
365 2401 473 2437 malis
494 2401 705 2446 desideriis,
727 2404 767 2437 ut
789 2412 893 2437 mun-

112 2450 201 2486 dum
217 2449 283 2485 fiat
298 2449 396 2495 quod
417 2451 473 2485 est
488 2448 640 2493 deforis,
662 2452 703 2485 ut
721 2448 811 2484 soris
830 2460 895 2494 per

113 2507 227 2544 opera
238 2495 420 2532 veraciter
439 2496 677 2532 sanctitatem
696 2496 894 2532 ostendere

114 2543 258 2591 possis!
282 2542 351 2587 Qui
375 2543 474 2579 enim
507 2549 705 2590 utramque
732 2543 895 2579 hominis

115 2594 303 2634 naturam,
327 2590 468 2627 scilicet
504 2602 639 2637 corpus
671 2595 707 2627 et
731 2590 895 2627 animam

117 2638 217 2682 fecit,
247 2641 448 2683 utramque
481 2639 656 2674 mundari
690 2638 892 2674 desiderat.

118 2686 187 2721 Ubi
206 2686 326 2721 Beda:
349 2701 364 2716 a
381 2686 457 2721 Hoc
470 2689 601 2721 contra
621 2685 718 2730 illos,
737 2685 797 2732 qui
818 2696 896 2721 cor-

120 2732 265 2785 poralia
287 2735 451 2778 peccata,
479 2733 763 2769 fornicationem
790 2732 895 2768 vide—

121 2780 221 2824 licet,
248 2779 539 2825 immunditiam,
572 2780 778 2825 libidinem,
816 2780 894 2816 fru-

122 2829 216 2871 tum,
244 2826 415 2873 rapinam
449 2830 486 2864 et
512 2830 632 2864 cetera
661 2827 762 2870 talia,
792 2827 897 2874 quasi

944 262 1167 310 gravissima
1175 262 1428 308 detestantur3
1444 261 1655 310 spiritualia
1665 271 1724 297 ve-

944 323 1000 356 ro,
1014 322 1098 358 quae
1109 322 1182 347 non
1192 310 1312 347 minus
1322 312 1475 347 damnat
1486 311 1622 347 Paulus
1630 310 1724 356 Apo-

945 360 1074 403 stolus,
1103 360 1174 394 hoc
1194 363 1252 395 est
1277 359 1582 401 amaritudinem,
1612 357 1722 400 iram,

944 406 1260 453 indignationem,
1295 406 1512 449 clamorem,
1550 405 1725 451 blasphe-

946 456 1074 498 miam,
1097 454 1311 501 superbiam
1345 458 1380 489 et
1410 453 1623 497 avaritiam,
1648 462 1726 498 (μιᾶς

947 507 997 539 est
1033 503 1214 538 idolorum
1248 503 1417 546 sci-uicus,
1446 506 1485 537 ut
1517 501 1613 537 levia
1642 510 1728 535 con-

946 554 1119 587 temnunt
1142 562 1150 585 z
1176 564 1192 583 »
1210 551 1288 585 lunc
1303 550 1413 585 Boia.
1438 551 1508 584 l'er
1524 550 1594 584 1100
1612 547 1727 583 etiam

947 601 1157 645 arguuntur
1177 597 1244 641 illi,
1270 597 1331 643 qni
1354 598 1399 632 ‹le
1420 596 1629 632 minoribus
1651 605 1727 630 ma-

948 656 1060 693 gnam
1091 645 1165 681 vim
1196 645 1352 689 faciunt,
1375 648 1412 680 et
1443 645 1489 679 de
1521 642 1729 688 majoribus

950 704 1082 741 parum
1109 697 1251 729 curant.
1289 692 1389 729 Sicut
1420 691 1536 737 aliqui
1564 688 1731 735 religiosi

950 743 1034 788 plus
1073 741 1283 787 ponderant
1322 739 1542 775 fractionem
1578 735 1731 780 silentii,

950 790 1007 825 vel
1024 788 1167 834 aliquid
1189 787 1387 835 ejusmodi,
1410 797 1522 833 quam
1546 785 1732 832 injustum

951 847 1155 883 gravamen
1185 834 1359 882 proximi,
1390 836 1446 870 vel
1474 833 1587 870 aliam
1620 832 1733 868 etiam

952 884 1291 929 transgressionem
1338 885 1613 928 prmceptorum
1650 878 1729 915 Dei.

954 931 1154 968 Pharisaeis
1174 930 1287 967 etiam
1314 929 1455 966 similes
1482 931 1568 965 sunt
1591 926 1732 970 clerici,

954 980 1016 1027 qui
1036 981 1130 1016 bene
1152 982 1260 1014 tonso
1282 979 1403 1024 capite
1424 981 1461 1013 et
1486 987 1573 1012 rasa
1594 984 1733 1011 corona

953 1028 993 1064 in
1014 1030 1117 1063 veste
1137 1027 1222 1062 alba
1241 1030 1277 1062 et
1304 1025 1459 1069 munda,
1487 1027 1524 1060 et
1544 1023 1629 1059 lotis
1652 1032 1734 1057 ma-

954 1075 1064 1111 nibus
1081 1075 1263 1110 accedunt
1287 1073 1334 1109 ad
1356 1073 1489 1116 altare,
1511 1071 1616 1106 intus
1633 1068 1734 1116 pleni

954 1122 1111 1159 avaritia
1126 1126 1162 1157 et
1177 1121 1389 1165 iniquitate,
1403 1119 1561 1165 aliisque
1575 1118 1735 1153 immun-

954 1170 1055 1207 ditiis
1074 1168 1276 1205 multifarie
1294 1180 1301 1212 ;
1325 1179 1368 1203 ac
1395 1169 1531 1212 Legem
1550 1165 1614 1201 Dei
1632 1166 1733 1210 post-

953 1220 1148 1264 ponentes,
1173 1219 1209 1252 et
1232 1215 1458 1251 traditiones
1480 1213 1677 1249 hominum
1697 1212 1734 1247 in

953 1264 1200 1302 exterioribus
1220 1263 1378 1299 sollicite
1400 1261 1670 1298 custodientes.

1001 1316 1020 1348 5
1048 1314 1122 1348 PER
1143 1322 1402 1347 ELEEMOSYNAM
1426 1320 1629 1345 coxmemu
1654 1318 1735 1343 con-

953 1373 1054 1396 ponis
1091 1371 1258 1395 MUNDARE
1298 1370 1471 1394 onssnuns.
1510 1378 1554 1383 —-
1593 1355 1735 1392 Deinde

953 1408 1150 1450 Dominus,
1192 1405 1297 1452 quasi
1337 1407 1459 1441 bonus
1498 1406 1733 1451 praeceptor,

953 1456 1062 1492 docet
1083 1454 1243 1500 qualiter
1266 1453 1383 1489 nostri
1413 1453 1626 1498 contagium
1654 1460 1736 1485 cor-

953 1502 1054 1550 poris
1092 1501 1274 1537 mundare
1310 1501 1528 1542 debeamus,
1563 1498 1692 1534 dicens
1724 1509 1734 1532 .·

957 1553 1211 1588 Verumtamen
1244 1548 1290 1584 do
1318 1547 1423 1584 vobis
1450 1545 1580 1583 salutis
1607 1543 1737 1581 consi-

955 1597 1060 1641 lium,
1083 1596 1224 1632 scilicet
1246 1596 1342 1640 quod
1363 1598 1538 1640 superest,
1559 1593 1596 1628 id
1614 1596 1671 1629 est
1691 1592 1737 1628 de

956 1656 999 1681 eo
1024 1644 1122 1691 quod
1144 1647 1314 1689 superest
1334 1646 1418 1689 post
1439 1643 1600 1678 aliorum
1620 1638 1737 1676 resti-

955 1692 1153 1735 tutionem,
1193 1692 1277 1726 (late
1317 1692 1589 1733 eleemosynarii,
1633 1686 1735 1733 quia,

956 1741 1078 1787 primo
1100 1739 1211 1775 debet
1232 1737 1313 1774 fieri
1336 1737 1536 1781 restitutio,
1562 1739 1597 1772 et
1618 1735 1664 1771 de
1690 1744 1735 1770 eo

958 1787 1057 1834 quod
1080 1789 1252 1822 remanet
1281 1786 1608 1831 eleemosynarum
1640 1782 1736 1818 elar-

958 1834 1069 1881 giti03
1093 1834 1166 1878 vel,
1204 1833 1411 1869 secundum
1448 1832 1597 1874 Beatam,
1626 1830 1672 1865 de
1693 1839 1736 1865 eo

958 1882 1060 1929 quod
1072 1884 1244 1927 superest
1262 1879 1374 1916 victui
1391 1882 1426 1916 et
1446 1878 1597 1915 vestitui
1612 1887 1738 1913 neces-

957 1929 1068 1966 sario.
1081 1930 1207 1974 Neque
1224 1927 1325 1964 enim
1337 1928 1389 1963 ita
1404 1926 1574 1963 facienda
1586 1925 1739 1972 jubetur

958 1978 1212 2022 eleemosyna,
1250 1978 1290 2011 ut
1334 1975 1497 2021 teipsum
1536 1982 1739 2010 consumas

958 2023 1106 2070 inopia;
1130 2023 1196 2059 sed
1220 2026 1259 2059 nt
1290 2022 1344 2059 tui
1368 2033 1460 2058 cura
1488 2020 1656 2068 corporis
1677 2030 1740 2055 ex·

958 2072 1073 2119 pleta,
1094 2073 1242 2117 inopem
1262 2073 1446 2116 quantum
1466 2069 1568 2105 vales
1591 2072 1739 2104 susten-

958 2123 1029 2155 tes.
1053 2121 1100 2155 Et
1127 2129 1201 2154 ecce
1223 2120 1344 2154 omnia
1361 2117 1498 2153 munda
1520 2119 1605 2152 sunt
1625 2115 1740 2155 vobis,

961 2166 1048 2213 quia
1078 2166 1315 2211 eleemosyna
1335 2175 1511 2211 magnam
1533 2164 1645 2199 habet
1669 2162 1742 2197 vir-

962 2217 1080 2250 tutem
1114 2213 1162 2249 ad
1190 2215 1431 2259 peecatorum
1465 2210 1741 2248 remissionem.

963 2261 1068 2297 Unde
1089 2260 1128 2296 in
1150 2259 1303 2296 Daniele
1322 2259 1460 2295 dieitur
1483 2261 1659 2295 :Peccata
1680 2260 1744 2293 tua

964 2309 1195 2352 eleemosynis
1211 2308 1358 2343 redime.
1381 2307 1742 2351 Vel,verumtamen,

964 2355 1161 2392 consilium
1183 2358 1219 2391 et
1245 2354 1470 2399 remedium,
1493 2353 1593 2400 quod
1613 2362 1743 2399 super-

965 2406 1022 2440 est
1052 2406 1090 2439 et
1114 2405 1231 2439 restat
1263 2406 1349 2449 post
1382 2406 1489 2438 tanta
1519 2402 1675 2445 scelera,
1697 2399 1743 2436 do

968 2451 1084 2495 vobis,
1113 2451 1184 2486 hoc
1208 2449 1381 2486 videlicet
1404 2461 1412 2485 ;
1434 2449 1519 2485 date
1543 2448 1746 2493 eleemosy-

966 2509 1068 2539 nam,
1087 2497 1228 2534 scilicet
1246 2497 1430 2538 ordinate,
1454 2500 1494 2533 ut
1514 2495 1702 2541 incipiatis
1723 2504 1745 2530 a

966 2545 1086 2581 vobis.
1113 2545 1218 2589 Quod
1232 2545 1371 2581 dictum
1389 2544 1441 2581 sie
1460 2547 1516 2580 est
1530 2542 1743 2588 intelligen-

968 2593 1071 2633 dum,
1093 2596 1134 2628 ut
1160 2591 1263 2639 prius
1286 2593 1399 2628 homo
1422 2591 1492 2628 sibi
1514 2590 1625 2626 faciat
1651 2589 1745 2625 elee-

968 2651 1163 2686 mosynam
1191 2639 1410 2676 mundando
1442 2650 1479 2674 se
1500 2638 1657 2673 interius
1677 2646 1745 2682 per

968 2687 1081 2723 fidem
1104 2691 1138 2724 et
1161 2687 1406 2734 Baptismnm,
1431 2697 1474 2722 ac
1494 2684 1682 2721 credendo
1703 2682 1743 2719 in

969 2735 1176 2780 Cln‘istum;
1197 2742 1232 2771 et
1259 2734 1288 2770 si
1309 2738 1393 2781 post
1422 2732 1652 2778 Baptismum
1679 2729 1745 2766 im-

969 2782 1155 2818 munditia
1191 2782 1405 2818 innocentia
1442 2779 1557 2816 suerit
1589 2778 1741 2821 soedata,

970 2829 1146 2866 emundet
1167 2829 1434 2866 conscientiam
1466 2837 1531 2874 per
1560 2826 1744 2873 poeniten-
