1894 3186
142 206 199 240 148

139 289 276 316 cessus.
301 280 406 322 Item,
428 279 492 323 qui
513 278 618 313 habet
639 288 745 323 opus,
767 278 917 312 dabitur

138 328 171 363 ei
192 326 418 370 intellectus,
435 327 467 360 et
487 325 688 360 abundabit
713 327 914 371 augmento

136 374 337 420 profectus.
366 374 472 416 Item,
506 374 571 417 qui
603 373 708 407 habet
735 371 908 417 gratiam.

136 421 286 456 dabitur
305 421 337 455 ez·
356 418 647 465 perseverantia,
663 423 695 454 et
710 419 914 454 abundabit

134 467 256 513 gloria
279 482 286 503 :
311 468 400 512 quia
424 468 582 511 qratiam
603 470 636 501 et
668 468 823 510 9lorz'am
848 466 911 499 da-

136 515 188 550 bit
207 516 393 558 Dominus,
407 516 458 549 ait
475 513 681 549 psalmista.
705 514 774 556 Qui
788 516 908 547 autem

132 572 203 597 non
223 562 341 601 habet,
373 560 514 596 scilicet
540 571 707 596 amorem
737 559 854 600 verbi,
878 562 911 593 et

132 609 229 654 quod
249 607 369 646 habet.
392 611 455 643 aut
475 608 620 643 videtur
634 608 787 649 habere,
811 604 909 640 scili-

130 658 188 691 cet
210 654 369 691 naturali
404 654 569 700 ingenio,
608 654 664 689 vel
699 653 908 688 litterarum

130 702 268 746 Studio,
297 703 482 745 auferetur
514 702 559 735 ab
586 711 655 735 eo.-
684 699 770 745 quia
808 699 909 734 nulla

129 759 228 785 verae
264 748 457 794 sapientiae
489 746 667 793 gaudebit
697 745 905 781 dulcedine.

130 797 234 832 Unde
251 795 391 832 ,Iudaeis
407 805 481 830 non
500 794 723 829 habentibus
739 793 849 827 fidem
871 794 908 828 et

129 842 366 878 devotionem
386 841 432 876 ad
452 840 585 876 Christi
608 839 830 881 doctrinam,
853 838 908 874 in—

127 890 299 925 tellectus
309 888 508 934 Scripturas
522 886 666 922 Veteris
678 885 906 922 Testamenti

127 937 274 972 ablatus
294 938 363 978 est,
389 937 542 980 propter
573 944 701 968 eorum
732 933 905 968 incredu-

127 982 294 1025 litatem3
321 986 357 1017 et
383 982 491 1017 datus
520 983 576 1015 est
600 980 791 1023 Gentibus,
817 991 905 1026 pro-

125 1033 208 1075 pter
240 1029 406 1075 ipsorum
442 1028 570 1063 fidem.
606 1028 712 1071 Item,
741 1029 805 1071 qui
834 1039 905 1063 non
945 1055 946 1071 2

125 1078 231 1112 habet
249 1087 355 1122 opus,
378 1075 414 1110 id
449 1074 548 1120 quod
579 1073 726 1109 videtur
747 1075 901 1113 habere,

126 1123 268 1160 seilicet
288 1121 562 1167 intelligentias,
580 1122 765 1164 auferetur
783 1122 828 1155 ab
850 1132 900 1165 eo,

126 1172 213 1216 quia
239 1171 326 1215 sides
360 1171 438 1204 sine
472 1169 638 1214 operibus
660 1172 802 1203 mortua
836 1172 900 1205 est.

125 1220 231 1261 Item,
254 1217 349 1252 sicut
369 1226 504 1251 avarus
524 1215 660 1250 multas
678 1215 791 1250 habet
812 1226 901 1260 opes

124 1268 161 1300 et
181 1265 331 1307 nullas;
355 1262 406 1298 sic
427 1262 491 1308 qui
528 1272 603 1297 non
637 1261 801 1297 divina-m
842 1273 900 1297 sa-

123 1311 304 1358 pientiam
328 1311 455 1354 habet,
478 1309 619 1345 nullam
637 1310 749 1344 habet
773 1309 898 1354 :quia,

122 1359 325 1394 secundum
360 1359 630 1400 Hieronymum,
666 1355 726 1391 ille
759 1355 900 1391 litteras

122 1405 256 1449 nescit,
279 1404 340 1450 qui
362 1414 487 1439 sacras
508 1403 668 1447 ignorat.
690 1403 898 1437 Secundum

121 1454 366 1491 Ambrosium,
394 1449 627 1494 intelligitur,
654 1450 750 1494 quod
779 1451 897 1489 habet,
940 1471 942 1481 i

121 1499 158 1535 id
180 1503 235 1535 est
256 1498 353 1543 quod
376 1508 414 1533 se
435 1500 539 1542 putat
558 1497 708 1530 habere.
732 1498 899 1531 Seorsum

121 1550 254 1589 autem,
277 1545 415 1580 scilicet
436 1544 471 1578 in
495 1543 620 1585 domo,
642 1542 821 1577 Dominus
842 1544 898 1577 di-

120 1595 272 1639 scipulis
304 1593 380 1627 suis
408 1590 606 1625 disserebat
635 1592 766 1626 omnia.
797 1590 898 1625 Unde

119 1643 221 1687 patet
243 1639 341 1685 quod
370 1649 443 1673 non
469 1637 588 1673 solum
612 1637 823 1682 parabolas,
852 1637 897 1673 de
938 1671 939 1675 ,

120 1688 256 1733 quibus
277 1696 360 1722 eum
378 1684 675 1727 interrogabant,
700 1684 762 1719 sed
785 1683 896 1719 etiam

119 1734 212 1770 alias
228 1734 365 1769 ibidem
381 1731 434 1767 eis
450 1731 628 1777 exposuit,
647 1730 728 1765 licet
747 1731 791 1765 de
809 1731 896 1766 alia-

119 1792 202 1817 rum
225 1779 453 1825 expositione
474 1777 612 1813 mentio
636 1788 707 1812 non
726 1778 803 1812 fiat.

172 1832 211 1871 14
233 1828 425 1862 PARAROLA
444 1837 485 1859 nn
506 1836 687 1859 THESAURO
704 1836 891 1859 Abscoxm-

118 1887 175 1918 To,
196 1887 231 1909 ix
253 1886 323 1913 om
358 1883 584 1907 nnscninirrn
611 1883 738 1905 srx'rrs
763 1873 891 1906 Ecum:-

120 1934 182 1957 SIAE
202 1933 287 1956 POsT
319 1930 603 1955 PRAEI‘JICATIONEM
636 1930 888 1953 APsffiTOLlCAM.

118 1989 164 1994 —
185 1970 229 2004 Et
245 1971 330 2003 tunc
346 1966 458 2002 etiam
480 1965 514 2000 in
536 1965 724 2010 parabolis
744 1965 890 2001 loeutus

119 2018 176 2051 est
201 2014 405 2060 discipulis,
429 2012 694 2059 proposuitque
730 2012 783 2047 eis
814 2015 889 2047 tres

118 2062 318 2108 parabolas
339 2061 430 2096 alias
463 2071 484 2095 a
508 2059 710 2105 przedictis.
735 2061 773 2093 In
795 2070 887 2105 qua-

120 2119 201 2144 rum
240 2108 375 2154 prima,
416 2117 498 2152 quae
533 2110 585 2142 est
627 2106 671 2141 de
712 2106 887 2141 thesauro

120 2155 340 2192 abscondito
358 2155 395 2189 in
412 2165 516 2199 agro,
530 2153 748 2198 designatur
771 2156 887 2189 status

118 2202 292 2238 Ecclesiae
327 2212 487 2247 sequens
528 2203 609 2245 post
647 2200 885 2245 pra‘clirtunn

119 2249 219 2295 quia,
234 2249 421 2293 divulgata
435 2249 509 2283 fide
526 2247 563 2282 in
579 2248 668 2283 orbe
687 2250 885 2290 terrarum,

117 2307 185 2342 per
204 2295 509 2342 praedicationem
527 2296 761 2337 Sanctorum,
783 2294 885 2329 multi

116 2343 284 2378 valentes
311 2346 346 2377 et
367 2341 517 2377 litterati
541 2341 623 2383 viri,
647 2344 686 2376 ut
711 2341 885 2386 Augusti-

118 2400 191 2425 nus
209 2394 243 2424 et
264 2389 339 2432 alii,
361 2389 407 2424 ad
429 2389 541 2423 fidem
563 2387 783 2423 catholicam
803 2398 886 2423 con-

117 2436 228 2479 versi,
265 2436 484 2481 inceperunt
520 2445 600 2470 sese
633 2445 818 2478 exercere,
850 2438 886 2470 et

118 2482 311 2519 seientiam
333 2492 437 2517 suam
462 2482 508 2517 ad
525 2481 721 2516 utilitatem
742 2481 885 2517 anima-

116 2541 199 2566 rum
233 2532 464 2565 convertere.
495 2528 684 2563 Assimilat
719 2539 807 2572 ergo
828 2539 884 2563 re-
925 2547 927 2553 ι

117 2588 228 2621 quum
247 2578 424 2620 calorum,
446 2574 484 2609 id
522 2578 576 2609 est
610 2576 798 2610 coelestem
820 2586 883 2620 pa-

117 2624 243 2667 triam,
280 2625 444 2658 thesauro
474 2622 681 2657 abscondito
716 2624 754 2656 in
782 2633 882 2665 aare,
924 2655 926 2658 .

118 2671 180 2717 qui
200 2681 302 2716 ager,
325 2669 495 2705 omnibus
529 2668 701 2711 venditis,
732 2668 881 2713 emitur,

117 2721 159 2754 ut
184 2719 381 2753 thesaurus
402 2715 541 2751 ibidem
561 2714 732 2750 inventus
765 2716 882 2750 habe-

118 2768 213 2801 atur.
236 2766 334 2810 Ager
355 2763 424 2798 iste
445 2763 551 2798 labor
569 2765 622 2797 est
643 2761 681 2797 in
708 2762 881 2797 exercitio

117 2811 202 2847 vitae
240 2811 381 2854 aetivae,
422 2812 457 2846 et
496 2808 669 2855 operibus
707 2808 880 2845 omnibus

625 203 767 237 1³1thAE
804 203 961 236 PARTIS
999 202 1134 235 CAPUT
1174 202 1280 235 Lxlv

992 275 1258 312 misericordiae
1277 275 1315 312 in
1345 276 1527 322 regimine
1558 278 1760 322 Ecclesiae;

990 323 1187 359 thesaurus
1198 326 1322 359 autem
1334 324 1574 360 absconditus
1594 328 1650 360 est
1670 336 1761 371 prae—

990 370 1104 406 mium
1127 370 1289 413 coeleste,
1313 371 1419 417 cujus
1435 371 1572 407 divitiae
1592 373 1760 408 nondum

989 417 1162 453 omnibus
1182 421 1364 463 apparent
1390 418 1599 462 manifeste,
1625 430 1758 455 secun-

987 464 1075 499 dum
1099 463 1191 499 illud
1219 464 1424 501 Psalmistae
1453 477 1461 501 ε
1490 466 1603 508 Quam
1625 477 1757 510 maana

985 512 1180 546 multitudo
1228 512 1429 547 dulcedinis
1474 516 1554 557 tuae,
1597 515 1757 556 Domine,

986 569 1094 602 quam
1116 558 1338 594 abscondisti
1356 560 1564 595 timentibus
1582 562 1637 596 te!
1659 562 1761 595 Inve-

984 604 1086 640 nitur
1096 607 1221 641 tamen
1234 605 1303 641 iste
1315 606 1523 650 thesaurus,
1537 606 1606 641 etsi
1620 618 1695 642 non
1711 607 1758 642 ad

984 651 1148 697 plenum,
1162 651 1338 698 quoniam
1349 654 1569 688 Sanctorum
1587 653 1757 689 doctrina

986 701 1021 734 et
1046 698 1260 744 praedicatio
1287 699 1406 744 qualis
1428 703 1615 744 quantave
1632 700 1692 744 sit,
1715 711 1756 736 ex

985 755 1120 791 magna
1146 749 1251 791 parte
1274 745 1514 787 declaratur:
1552 747 1650 782 hune
1687 757 1755 782 au-

984 794 1058 827 tem
1085 793 1303 828 thesaurum
1327 793 1520 828 inventum
1546 793 1755 836 abscondit,

985 839 1047 883 qui
1068 839 1215 885 cognito
1249 839 1371 885 qualis
1392 839 1453 883 sit,
1476 840 1588 875 corde
1617 839 1755 876 retinet

946 903 948 906 ⁴
984 888 1107 921 mente
1146 885 1279 931 diligit,
1317 887 1469 932 eJusque
1507 887 1608 922 nullo
1645 887 1755 923 modo

946 952 947 958 κ
983 932 1224 968 obliviscitur.
1248 935 1294 968 Et
1312 944 1389 978 prae
1407 934 1541 977 9audz'o
1569 935 1671 969 illius
1690 945 1754 969 va—

982 980 1038 1014 dit
1057 980 1212 1024 pedibus
1233 979 1367 1014 mentis
1385 979 1506 1025 ipsum
1525 980 1754 1024 affectando;

983 1029 1015 1061 et
1037 1027 1162 1061 vendit
1182 1028 1351 1061 universa
1373 1038 1453 1071 quae
1472 1027 1591 1066 habet.
1613 1030 1756 1074 tempo-

981 1072 1075 1108 ralia
1096 1084 1138 1108 ac
1149 1073 1357 1118 voluptates
1372 1073 1508 1117 carnis,
1519 1077 1554 1109 et
1567 1074 1755 1110 desideria

980 1123 1130 1155 terrena
1151 1121 1423 1155 contemnendo
1442 1132 1449 1163 ;
1473 1125 1505 1155 ct
1523 1123 1607 1156 emit
1627 1133 1752 1166 aqrum

979 1168 1098 1209 illum,
1119 1166 1291 1202 omnibus
1304 1167 1387 1202 aliis
1407 1167 1583 1211 dimissis,
1603 1168 1641 1203 in
1663 1179 1752 1213 agro

980 1213 1351 1259 Dominico,propter
1372 1215 1522 1249 cceleste
1542 1215 1751 1259 praemium,

980 1260 1186 1296 laborando
1208 1264 1244 1295 et
1272 1261 1437 1297 totaliter
1458 1261 1673 1297 coelestibus
1692 1262 1750 1297 in-

978 1307 1131 1343 hiando.
1143 1309 1387 1343 Contemnere
1400 1319 1488 1353 ergo
1502 1308 1682 1343 secularia
1694 1309 1754 1344 de-

941 1373 942 1376 =
978 1354 1039 1389 bet
1057 1358 1092 1389 et
1111 1358 1274 1397 terrena,
1292 1358 1329 1389 ut
1343 1358 1461 1390 totum
1478 1354 1681 1400 possideat,
1702 1361 1752 1400 et,

976 1404 1014 1436 ut
1032 1401 1078 1435 sit
1095 1401 1128 1436 ei
1147 1404 1311 1446 potestas
1328 1402 1454 1436 utendi
1473 1403 1649 1437 thesauro
1668 1412 1749 1437 cum

977 1458 1086 1493 agro3
1109 1447 1195 1493 quia
1217 1448 1385 1483 csrlestes
1411 1448 1549 1483 divitiae
1576 1460 1650 1483 non
1678 1449 1746 1484 nisi

940 1508 941 1511 ¹
977 1495 1114 1529 damno
1137 1494 1248 1529 seculi
1268 1494 1504 1539 possidentur
1529 1496 1575 1530 ab
1608 1495 1745 1540 aliquo.

975 1542 1030 1576 Ad
1053 1541 1200 1576 laudem
1230 1540 1415 1585 virginum
1438 1542 1657 1587 exprimitur
1678 1542 1749 1578 ista

975 1588 1178 1633 parabola3
1215 1591 1249 1622 et
1274 1588 1324 1623 sic
1359 1589 1555 1623 thesaurus
1590 1590 1624 1623 in
1658 1599 1747 1635 agro

939 1635 940 1644 ¹
975 1639 1031 1670 est
1068 1634 1263 1680 virginitas
1284 1635 1320 1669 in
1345 1645 1470 1670 carne.
1495 1634 1600 1671 Circa
1632 1635 1746 1671 istum

973 1683 1191 1717 thesaurum
1229 1682 1500 1717 consideranda
1523 1685 1609 1717 sunt
1641 1682 1744 1718 tria:

937 1735 938 1738 ’
972 1729 1132 1774 primum
1152 1731 1219 1773 est,
1245 1729 1342 1774 quod
1363 1728 1592 1772 inveniatur;
1619 1739 1748 1766 secun-

935 1782 937 1787 ’
973 1777 1074 1818 dum,
1112 1776 1209 1821 quod
1248 1775 1420 1810 inventus
1466 1776 1740 1820 abscondatur;

971 1823 1135 1865 tertium,
1176 1823 1275 1867 quod
1314 1822 1554 1858 absconditus
1604 1823 1738 1858 ceteris

971 1872 1222 1915 przrponatur.
1246 1870 1326 1904 Non
1347 1872 1470 1904 autem
1491 1868 1681 1904 invenitur
1699 1869 1739 1904 in

970 1916 1182 1960 luxuriosis,
1210 1927 1284 1951 non
1310 1915 1550 1951 absconditur
1575 1917 1609 1950 in
1637 1916 1739 1951 vani-

969 1963 1155 2008 gloriosis,
1190 1974 1263 1998 non
1283 1962 1513 2008 prccponitur
1533 1962 1569 1997 in
1601 1962 1737 1998 avaris.

970 2009 1027 2045 Sic
1049 2021 1136 2055 ergo
1158 2009 1532 2055 habemustriplicem
1550 2009 1737 2053 virtutem,

969 2056 1109 2092 scilicet
1141 2070 1150 2091 :
1183 2056 1420 2101 virginitatis,
1452 2056 1672 2091 humilitatis
1704 2061 1739 2092 et

968 2103 1222 2149 paupertatis3
1246 2103 1441 2148 virginitas
1460 2103 1562 2138 novit
1588 2105 1738 2138 thesau-

967 2162 1051 2186 rum
1074 2150 1254 2193 invenire,
1270 2153 1310 2185 ut
1324 2150 1506 2185 habeatur
1522 2161 1530 2192 ;
1547 2149 1737 2186 humilitas

966 2197 1065 2232 novit
1082 2198 1297 2232 thesaurum
1312 2197 1554 2239 abscondere,
1569 2207 1614 2231 ne
1630 2196 1738 2232 amit-

966 2247 1082 2287 tatur3
1099 2247 1297 2289 paupertas
1310 2243 1638 2279 novitthesaurum
1658 2254 1736 2279 om-

965 2291 1075 2326 nibus
1091 2301 1319 2336 praeponere,
1339 2301 1386 2325 ne
1407 2289 1668 2335 vilipendatur.

927 2381 928 2384 Ἴ
1016 2342 1054 2373 15
1078 2339 1268 2373 PARABOLA
1287 2349 1330 2371 DE
1348 2348 1548 2372 MARGAIUTA
1568 2348 1735 2381 INVENTA,

927 2393 928 2396 ’
965 2397 1001 2420 IN
1048 2396 1118 2424 om
1162 2395 1334 2419 sianum
1379 2395 1505 2419 STATus
1544 2385 1734 2428 Eoomsna,

926 2412 928 2451 Ι
965 2444 1106 2472 QUANDO
1128 2443 1254 2466 DITATA
1290 2443 1368 2467 FUIT
1407 2432 1601 2466 ORDINIBUS
1638 2442 1735 2465 RELI-

926 2457 928 2514 i
965 2491 1076 2514 GIOs‘is
1107 2490 1240 2513 MAXIME
1273 2490 1582 2513 CONTEMPLATIVIS.
1615 2497 1658 2503 -
1693 2479 1734 2512 Iss

926 2531 927 2543 ³
965 2525 1126 2562 secunda
1149 2525 1341 2570 parabola,
1363 2536 1443 2570 qua¹
1470 2529 1526 2560 est
1561 2525 1605 2559 de
1634 2534 1734 2559 mar-

925 2574 927 2603 l
963 2573 1083 2618 garita
1101 2571 1265 2617 pretiosa
1284 2572 1498 2607 declaratur
1522 2574 1640 2606 status
1667 2572 1733 2605 Ee-

924 2615 926 2637 *
965 2618 1086 2655 ctesias
1110 2618 1325 2654 immediate
1344 2629 1503 2663 sequens
1525 2617 1735 2663 praeceden-

924 2661 925 2693 l
962 2670 1056 2711 tem3
1094 2665 1181 2711 quia
1218 2668 1302 2710 post
1338 2669 1476 2701 statum
1514 2663 1733 2709 praedictum

963 2713 1182 2759 inceperunt
1203 2712 1332 2757 aliqui,
1361 2711 1582 2756 contemptis
1603 2709 1733 2746 mundi

962 2760 1098 2796 divitiis
1122 2762 1158 2795 et
1177 2758 1397 2802 honoribus,
1426 2758 1620 2793 intendere
1647 2756 1731 2792 vitae

921 2805 924 2839 l
961 2805 1271 2852 contemplativae,
1308 2805 1403 2841 sicut
1440 2805 1571 2841 beatus
1610 2806 1730 2839 Bene-
