1894 3186
368 218 420 252 DE
460 218 676 252 MISSIONE
713 216 1035 253 APOSTOLORUM
1072 215 1126 249 AD
1164 215 1505 252 PRAEDIC‘ANDUM.
1720 218 1757 253 41

103 301 204 332 num,
229 290 364 327 horum
386 300 531 325 summa
554 293 622 333 est,
644 293 686 324 ut
704 290 797 325 adeo
820 289 890 325 vir-

108 338 206 375 tuosi
224 338 397 377 existant,
421 337 521 382 quod
550 347 624 370 non
661 336 784 372 minus
806 347 890 382 pro-

101 389 187 432 pter
232 386 318 420 vitae
373 386 541 427 modum,
583 394 696 428 quam
733 388 885 429 propter

102 443 233 468 eorum
248 432 420 474 verbum,
442 431 683 474 Evangelium
702 431 886 475 proficiat.

101 480 219 520 Unde,
232 483 267 514 et
284 480 489 514 secundum
503 478 804 521 Chrysostomum,
816 478 887 513 hoc

100 526 213 562 etiam
233 527 285 562 eis
296 525 477 562 Dominus
490 528 676 569 praecepit,
691 529 731 560 ut
746 536 810 569 per
829 526 891 560 ha-

98 573 220 609 bitum
239 574 429 608 ostendere
442 577 482 607 nt
501 577 682 617 quantum
699 583 719 607 a
738 571 887 607 divitia-

97 630 183 656 rum
204 620 388 656 desiderio
406 620 606 655 distabant.
631 620 735 655 Unde
761 620 888 663 etiam,

96 668 306 704 secundum
346 668 595 711 Theophilum,
638 670 678 701 ut
714 667 887 701 videntes

98 725 161 752 eos
183 715 389 760 praedicare
427 717 699 759 paupertatem,
739 714 890 759 acquie-

97 765 215 805 scant,
238 772 321 797 cum
354 762 518 807 Apostoli
540 762 631 796 nitut
658 762 810 797 habent.
836 762 892 796 Ita

98 811 225 845 autem
264 820 435 854 expresse
482 809 674 852 prohibuit
713 808 888 853 possessi-

99 866 211 892 onem
247 855 530 901 temporalium.
557 857 645 900 quia
665 856 716 891 sic
737 860 885 900 oporte-

97 903 162 939 hat
182 903 220 938 in
242 904 434 948 primitiva
465 903 642 946 Ecclesia,
664 907 703 938 ut
721 903 889 938 ostende-

95 953 183 986 rent
212 951 340 986 omnia
369 950 573 995 gubernari
603 950 887 995 dispensatione

97 997 239 1042 divina,
263 1002 376 1042 atque
406 1002 680 1032 monstraretur
704 997 821 1032 virtus
843 997 888 1032 si-

100 1044 313 1090 dei,contra
322 1056 467 1080 errores
485 1044 760 1088 t1‹·n]inuin‚qui
778 1055 887 1080 cursu

98 1093 285 1134 siderum,
310 1092 368 1126 vel
403 1093 569 1134 fortuna,
591 1092 796 1126 credebant
828 1093 888 1137 agi

99 1141 229 1175 omnia
249 1150 258 1184 3
280 1142 316 1173 et
344 1140 413 1177 hoc
434 1140 555 1173 adhuc
586 1140 766 1183 competit
796 1150 888 1183 apo-

97 1186 237 1222 stolicis
256 1185 357 1229 viris,
383 1188 644 1229 Ap0>t020run1
662 1187 889 1221 successori-

97 1234 177 1270 bus.
202 1233 360 1276 Quidam
388 1238 512 1267 tamcn
549 1237 650 1276 sunt,
677 1234 741 1277 qui
781 1238 887 1277 pote-

95 1281 196 1326 stati,
234 1291 309 1316 non
338 1279 562 1326 paupertati,
588 1281 788 1315 succedere
821 1291 889 1316 vo-

96 1328 205 1372 lunt3
236 1338 320 1363 cum
347 1331 473 1362 tamen
503 1338 575 1362 non
605 1328 791 1373 potestati,
823 1328 887 1363 sed

97 1374 310 1421 paupertati
338 1385 496 1420 reguum
532 1375 711 1409 coelorum
732 1375 776 1409 sit
801 1385 886 1419 pro-

96 1423 263 1459 missum.
281 1423 369 1456 Tres
390 1432 478 1467 ergo
494 1427 582 1456 suut
600 1421 779 1466 rationes,
799 1433 890 1468 qua-

95 1480 136 1506 re
158 1470 228 1505 hoc
250 1470 429 1514 praecepit
448 1471 571 1504 Jesus:
598 1470 729 1512 prima,
748 1480 794 1504 ne
817 1473 889 1504 sint

98 1518 206 1563 quasi
222 1516 349 1561 cupidi
367 1520 403 1551 et
418 1515 604 1551 aintutimi
626 1517 827 1560 ;secunda,
842 1527 888 1551 ne

97 1565 171 1599 sint
191 1563 339 1599 solliciti
363 1564 467 1607 quasi
503 1563 757 1606 pusillanimes
778 1574 787 1607 ;
816 1568 888 1598 ter-

96 1611 164 1656 tia,
177 1615 220 1646 ut
237 1611 418 1645 mittentis
437 1611 612 1644 virtutem
633 1611 886 1654 ostenderent,

98 1658 249 1704 quando
274 1656 366 1692 nihil
409 1659 460 1692 eis
489 1659 602 1691 deest.
642 1658 677 1692 Si
703 1658 889 1701 quaeritur

98 1715 146 1741 an
175 1705 239 1741 alii
263 1706 308 1740 ad
337 1705 406 1739 lioe
434 1704 664 1749 obligantur,
685 1704 886 1739 dicendum

99 1752 200 1797 quod
228 1752 423 1787 consilium
449 1756 517 1789 cst„
544 1762 615 1785 non
641 1756 883 1795 praeceptum.

98 1799 171 1836 Sed
189 1803 288 1834 certe
308 1809 382 1833 non
407 1799 565 1833 auderet
583 1798 719 1842 aliquis
743 1799 832 1833 utile
851 1802 888 1833 ct

98 1856 229 1882 sanum
272 1845 468 1881 consitium
511 1846 691 1889 repellere
724 1846 761 1879 in
793 1845 887 1881 facie

98 1893 190 1939 ejus,
214 1897 356 1938 quanto
385 1893 502 1936 magis
541 1893 647 1935 illud,
689 1893 789 1937 quod
829 1893 886 1927 vel

98 1940 201 1976 dedit
225 1941 354 1983 manni
373 1941 516 1974 consilii
536 1939 723 1982 Angelum
746 1943 781 1974 et
801 1939 884 1985 qui-

98 1997 256 2032 cumque
287 1987 373 2021 huic
394 1985 548 2021 musitio
579 1987 802 2021 tiducialiter
823 1988 886 2022 ad-

97 2035 273 2078 haereret,
300 2044 374 2068 non
399 2034 552 2068 dubium
575 2035 664 2077 quin
687 2034 781 2068 Deus
807 2033 883 2068 suf-

97 2080 347 2117 ficientersibi
368 2082 593 2126 provideret.
610 2081 765 2122 Quando
784 2080 884 2116 euim

96 2128 201 2164 missi
220 2128 372 2163 fuerunt
403 2128 567 2172 Apostoli
600 2128 646 2162 ad
675 2127 884 2172 praedican-

98 2176 202 2220 dum,
219 2175 297 2210 sine
318 2178 463 2209 sacculo
479 2181 514 2208 et
535 2175 742 2219 provisione
758 2174 885 2219 aliqua

96 2223 407 2265 necessariorum,
428 2223 493 2256 tuit
514 2221 690 2256 divinitus
711 2222 761 2257 eis
785 2222 884 2257 laute

96 2270 301 2316 provisum,
322 2270 410 2314 quia
431 2270 518 2303 nihil
541 2269 590 2303 eis
606 2269 745 2304 det'uit:
768 2279 886 2313 quan-

97 2317 144 2353 do
162 2327 271 2352 verro
292 2318 495 2351 relaxatum
513 2315 579 2350 tuit
599 2316 670 2350 iltis
688 2316 882 2360 providere

96 2363 167 2399 sibi
188 2364 233 2398 de
257 2365 476 2398 necessariis
512 2374 547 2397 in
580 2364 650 2404 via,
678 2363 773 2407 passi
799 2367 884 2398 sunt

96 2410 273 2456 penurias
314 2410 447 2445 multas
486 2415 624 2455 postea.
661 2411 736 2445 Hoc
757 2415 883 2445 autem

95 2458 183 2493 fecit
207 2458 303 2492 Deus
331 2458 376 2492 ad
398 2458 561 2492 dandum
591 2457 767 2492 fiduciam
789 2467 881 2502 pau-

94 2503 249 2551 perihus
267 2504 590 2548 praedicatoribus,
610 2505 655 2539 ad
681 2515 884 2549 exsequen-

98 2551 187 2587 dum
211 2553 427 2586 constanter
451 2552 680 2595 praedicandi
703 2552 880 2586 osticium.

98 2598 168 2634 Ubi
201 2600 292 2633 nota
326 2598 522 2643 pulchrum
560 2599 604 2633 de
630 2598 774 2634 duobus
795 2599 882 2633 reli-

98 2644 222 2691 giosis,
246 2646 342 2680 ultra
358 2656 460 2681 mare
480 2648 525 2680 ad
539 2647 691 2680 Terram
709 2647 883 2681 Sanctam

98 2691 287 2737 profectis,
306 2694 528 2737 exemptum.
550 2694 641 2728 Cuin
664 2694 763 2728 enim
782 2692 882 2728 ultra

98 2748 217 2784 mare,
242 2744 278 2774 et
291 2740 481 2774 redeundo
505 2751 602 2774 circa
623 2750 739 2784 mure,
762 2741 885 2775 adhuc

99 2783 201 2821 inter
222 2785 369 2831 ignotos
403 2790 535 2831 essent,
559 2797 707 2830 semper
740 2787 778 2821 in
809 2787 884 2821 Deo

99 2832 178 2868 solo
196 2842 300 2878 spem
317 2833 521 2879 habebant,
538 2838 574 2870 et
591 2834 685 2869 nihil
696 2833 741 2869 de
760 2843 886 2869 neces-

967 287 1075 324 sariis
1100 286 1152 321 cis
1173 286 1384 321 deficiebat.
1406 288 1494 323 Cum
1517 291 1645 324 autum
1666 299 1756 335 per-

967 335 1156 370 venissent
1193 333 1240 368 ad
1288 334 1395 368 dulce
1443 336 1567 371 natale
1617 336 1755 381 solum,

968 382 1062 418 dixit
1097 391 1194 416 unus
1236 379 1335 415 iuter
1372 391 1432 416 uos
1470 383 1515 417 ad
1551 383 1711 419 alterum
1745 397 1756 419 .-

969 429 1077 465 Modo
1100 427 1266 474 pericula
1286 428 1485 473 evasimus,
1509 431 1594 474 quia
1616 431 1694 476 Jam
1718 431 1755 467 in

970 481 1073 511 terra
1112 479 1256 517 nostra,
1282 479 1317 510 et
1356 475 1453 509 inter
1487 482 1591 511 notos
1610 488 1752 515 sumus,

970 525 1013 559 Et
1033 533 1117 558 cum
1138 521 1189 557 sic
1202 527 1387 566 ponerent
1406 533 1508 565 spem
1528 523 1565 557 in
1587 525 1752 566 homine,

970 571 1191 615 inceperunt
1208 569 1245 604 in
1277 569 1497 604 necessariis
1517 570 1691 615 deficere,
1720 576 1757 607 et

971 618 1151 664 majorem
1174 617 1270 662 passi
1293 621 1377 651 sunt
1415 618 1611 660 penuriam
1642 628 1754 664 quam

971 670 1083 701 antea
1104 665 1198 708 passi
1233 664 1397 699 fuerant.

1020 727 1040 759 9
1080 713 1210 748 Vicrus
1248 723 1272 746 A
1305 722 1612 747 PRAEDiCAToninus
1645 722 1754 748 Acfflri

973 769 1118 795 POTEsT.
1141 781 1172 785 ψ-
1200 760 1243 793 Et
1265 760 1365 803 quia,
1386 759 1662 804 quodammodo
1684 770 1756 794 nu—

973 807 1038 842 dos
1079 810 1115 842 et
1152 806 1343 850 expeditos
1384 807 1430 841 ad
1477 806 1756 851 przedivandum

972 854 1173 899 discipulos
1193 854 1373 889 Dominus
1394 853 1557 894 miserat,
1579 854 1756 889 severita-

970 905 1046 936 tem
1084 901 1256 947 praecepti
1292 901 1328 935 in
1368 901 1538 946 sequenti
1573 901 1759 937 sententia

971 949 1210 993 temperavit,
1233 948 1389 983 dicens:
1418 951 1558 991 Dignus
1585 951 1637 983 est
1663 950 1758 984 enim

972 998 1176 1041 operarius,
1200 996 1235 1030 id
1258 997 1311 1029 est
1333 995 1567 1039 proedirator,
1591 994 1655 1041 qui
1676 1006 1760 1041 ope-

972 1048 1080 1078 ratur
1093 1054 1184 1087 opus
1202 1041 1281 1085 Dei,
1301 1043 1346 1077 ad
1361 1042 1560 1077 utilitatem
1583 1042 1755 1086 proximi,

973 1091 1050 1125 cibo
1070 1100 1149 1130 suo,
1170 1090 1207 1124 id
1228 1094 1283 1124 est
1314 1089 1533 1123 nimossarils
1559 1091 1605 1124 ad
1628 1090 1757 1133 vitam,

973 1138 1063 1182 quia
1084 1137 1120 1171 in
1144 1137 1226 1171 cibo
1257 1136 1479 1181 intelligitur
1504 1137 1616 1171 etiam
1644 1135 1758 1171 vesti-

974 1189 1143 1219 mentum
1180 1187 1216 1218 et
1254 1184 1498 1226 domicilium,
1519 1184 1599 1217 siue
1626 1182 1760 1228 quibus

974 1232 1153 1266 decenter
1174 1241 1248 1265 non
1279 1231 1371 1264 vivit
1391 1241 1508 1273 geniis
1534 1231 1756 1266 humanum.

972 1279 1083 1321 Quasi
1119 1278 1171 1313 eis
1210 1278 1309 1313 dicat
1342 1289 1350 1312 :
1391 1278 1547 1312 Tantum
1588 1278 1759 1322 accipite,

971 1329 1154 1370 quantum
1178 1326 1214 1360 in
1234 1324 1333 1359 victu
1355 1328 1391 1359 et
1414 1325 1548 1360 vestit-u
1570 1325 1674 1359 vobis
1692 1334 1759 1359 ne·-

970 1373 1175 1407 cessarium
1198 1377 1263 1406 est.
1289 1372 1391 1407 Unde
1411 1374 1544 1407 Paulus
1564 1371 1760 1415 Apostolus

968 1420 1152 1465 replicat:
1192 1419 1387 1454 Ordinante
1417 1421 1510 1454 Deus
1543 1421 1606 1463 qui
1636 1421 1759 1454 Evan-

968 1469 1103 1510 {lelium
1118 1467 1613 1509 immunimus&Evangelio
1626 1467 1756 1501 vivere.

969 1515 1013 1549 Et
1032 1515 1167 1549 iterum
1190 1526 1199 1548 ε
1221 1514 1370 1548 Habent
1385 1524 1400 1547 s
1418 1516 1552 1547 vietum
1574 1516 1607 1548 et
1627 1513 1759 1557 quibus

969 1565 1148 1604 teyamur,
1172 1562 1228 1595 his
1249 1563 1406 1595 contenta·
1425 1571 1561 1595 smmis.
1586 1559 1680 1596 Hinc
1702 1564 1758 1596 est

970 1609 1070 1654 quod
1092 1609 1273 1643 dia-:onus
1295 1609 1462 1651 procedit
1483 1619 1500 1641 a
1524 1608 1754 1653 presbytero,

969 1656 1074 1702 quasi
1096 1656 1226 1690 missus
1247 1666 1267 1689 u
1290 1656 1461 1697 Domino,
1484 1656 1528 1688 :id
1554 1655 1758 1698 praedican-

969 1705 1057 1739 dum
1078 1702 1332 1748 Evangelium,
1346 1704 1404 1737 cui
1423 1702 1674 1737 subdiaconus
1686 1701 1758 1737 fert

967 1751 1141 1796 pulvinar
1161 1761 1233 1794 quo
1270 1749 1364 1784 liber
1385 1754 1613 1784 sitistis-*utatur
1631 1760 1641 1793 3
1669 1749 1757 1794 quia

970 1798 1034 1833 alii
1071 1797 1208 1832 debent
1224 1797 1507 1842 praedicatoiwm
1528 1798 1753 1831 sustentare.

967 1847 1107 1888 Diynus
1149 1848 1200 1879 est
1236 1846 1330 1878 enim
1369 1846 1557 1889 operarius
1595 1843 1754 1878 mercede

967 1903 1049 1936 sua,
1064 1902 1135 1926 non
1153 1892 1389 1926 solummodo
1403 1897 1557 1933 aeterna,
1581 1901 1665 1936 quae
1695 1890 1756 1926 de-

970 1940 1077 1975 betur
1097 1940 1132 1973 in
1153 1939 1286 1984 patria,
1312 1939 1358 1973 ad
1382 1940 1751 1982 remunerationem;

967 1987 1032 2021 sed
1077 1987 1190 2021 etiam
1227 1987 1440 2029 temporati,
1483 1996 1565 2030 quae
1594 1985 1731 2020 debetu

966 2033 1005 2068 in
1044 2033 1116 2076 via,
1158 2033 1206 2068 ad
1244 2033 1571 2076 sustentationem,
1610 2032 1755 2068 scilicet

966 2080 1207 2115 convenienti
1240 2080 1353 2123 victu,
1377 2091 1420 2115 ac
1440 2080 1587 2123 vestitu,
1612 2083 1648 2115 et
1683 2080 1749 2115 do-

965 2127 1118 2163 micilio.
1146 2128 1211 2162 Hic
1249 2131 1304 2161 est
1341 2127 1473 2171 duplex
1510 2128 1644 2171 honor,
1681 2137 1756 2171 quo

965 2175 1068 2220 digni
1091 2178 1176 2209 sunt
1213 2174 1276 2218 qui
1311 2174 1408 2209 bene
1443 2178 1622 2218 praesunt.
1644 2175 1752 2217 Nam,

964 2221 1174 2256 seeundum
1199 2221 1427 2265 Gr6901=iic112,
1455 2232 1598 2256 merces
1620 2221 1755 2266 prcedi-

964 2269 1122 2303 cationis
1161 2268 1221 2302 hic
1264 2268 1476 2308 inchmtur,
1517 2272 1554 2303 et
1587 2269 1624 2303 in
1660 2268 1752 2303 coelo

965 2314 1181 2360 perficitur,
1203 2316 1292 2359 quia
1314 2314 1377 2350 uni
1396 2319 1521 2350 nostro
1543 2315 1647 2361 operi
1669 2315 1752 2350 duze

962 2364 1154 2397 mercedes
1181 2362 1380 2405 debentur,
1403 2373 1477 2397 una
1506 2364 1542 2397 in
1567 2364 1640 2406 via,
1665 2371 1748 2407 quae

963 2419 1029 2444 nos
1054 2410 1091 2444 in
1119 2408 1247 2444 labore
1272 2414 1481 2451 sustentat;
1515 2410 1589 2444 alia
1612 2410 1649 2444 in
1686 2419 1749 2454 pa·

960 2457 1045 2499 tria,
1073 2466 1154 2501 quae
1177 2467 1243 2492 nos
1270 2458 1306 2492 in
1327 2457 1602 2492 resurreetione
1631 2465 1754 2491 remu-

960 2507 1080 2538 nerat.
1119 2505 1230 2549 Ergo,
1254 2504 1317 2550 qui
1358 2515 1428 2538 nou
1453 2508 1645 2548 operatur,
1683 2512 1752 2538 nec

961 2550 1139 2596 laborat,
1173 2562 1249 2586 non
1292 2552 1507 2595 manducet,
1536 2561 1603 2586 nec
1652 2560 1752 2585 mer-

962 2598 1091 2633 cedem
1133 2599 1269 2643 exigat.
1316 2600 1407 2633 Ecce
1461 2609 1576 2643 quare
1614 2596 1750 2642 praeci—

962 2645 1016 2690 pit
1039 2646 1090 2680 eis
1106 2646 1198 2680 nihil
1218 2647 1330 2691 serre,
1349 2645 1437 2690 quia
1456 2644 1593 2679 ommia
1611 2644 1752 2679 dehen-

960 2695 1021 2726 tur
1060 2693 1112 2728 eis
1154 2703 1218 2738 pro
1257 2693 1400 2728 labore.
1438 2693 1488 2727 De
1522 2693 1607 2737 jure
1648 2691 1748 2726 enim

960 2740 1125 2774 naturali
1146 2744 1216 2781 est,
1240 2745 1277 2775 et
1304 2740 1445 2778 divino⁸
1469 2749 1511 2774 ac
1537 2739 1649 2773 etiam
1675 2737 1745 2771 hu-

962 2796 1089 2831 mano,
1112 2790 1152 2822 ut
1172 2787 1244 2822 illis
1266 2787 1329 2831 qui
1351 2787 1518 2821 serviunt
1544 2782 1748 2819 communi-

962 2834 1031 2869 tati
1049 2833 1089 2869 in
1111 2833 1375 2880 spiritualibus
1392 2844 1404 2878 3
1426 2832 1571 2868 scilicet
1595 2832 1633 2865 in
1653 2829 1746 2865 divi-
