1894 3186
385 136 437 171 DE
474 135 638 171 JUDAEIS
675 136 900 171 ClllllSTUM
940 138 1174 173 LAPIDARE
1214 140 1504 175 YULL'NTIBUS.
1708 145 1769 178 ’269

135 208 249 244 etiaiii
287 219 329 244 ex
359 206 499 243 virtute
531 205 739 243 divinitatis
766 211 914 254 poteiat

133 259 350 302 peccatores
379 254 519 301 justifit·
523 264 602 290 are.
632 256 675 290 Et
702 255 800 299 idco,
828 266 912 292 cuin

135 314 209 338 non
231 302 383 348 possitis
404 312 463 337 me
490 301 535 337 de
555 306 710 347 peccato
738 314 911 349 arguere,

134 361 184 395 sz,
204 350 241 386 id
267 355 336 394 est,
367 349 454 395 quia
471 350 660 384 veritatem
696 350 774 384 (lico
798 352 912 395 iobzs,

133 398 311 443 qnoniam
330 396 473 432 scilicet
494 395 578 431 dico
599 407 657 432 mo
678 397 809 432 Filinin
831 397 912 442 Dei,

132 456 246 490 quare
260 455 322 480 vos
343 455 414 479 non
435 443 582 479 creditis
603 445 695 479 mihi
716 448 751 480 et
776 444 813 480 in
836 456 910 489 me,

132 504 174 528 cx
203 503 275 537 quo
304 502 379 527 non
413 501 495 526 snm
525 497 701 536 peccator
727 491 821 527 sicut
854 503 912 528 ce-

132 539 231 575 teri?
256 541 298 574 Et
319 537 444 574 subdit
465 548 631 580 causam,
663 538 790 574 dicens
813 551 820 575 :
844 540 914 582 Qui

132 598 177 622 επ
197 589 266 622 Deo
286 589 352 630 est,
376 596 451 621 non
472 589 622 629 natura,
643 586 705 621 sed
727 586 814 629 fide,
837 597 913 622 non

132 645 210 671 ore.
225 634 288 669 sesi
310 643 454 676 amore,
471 636 507 668 et
522 643 590 678 per
609 633 912 669 conformitatem

129 680 350 724 voluntatis,
373 681 482 716 verba
514 682 580 716 Dei
612 681 746 723 αωίίτς
773 684 808 716 et
843 682 913 716 hoc

130 739 221 764 aure
241 727 378 771 cordis,
398 739 475 763 non
496 728 618 763 solum
638 729 821 773 corporis,
844 739 913 765 au-

130 775 183 812 dit
204 787 248 812 ca
269 775 429 811 libenter
444 778 480 811 et
495 778 616 819 amat3
636 775 793 821 quilibet
813 776 911 811 enim

130 823 292 859 libenter
304 822 408 858 audit
419 822 630 858 doctrinam
642 823 813 868 adquam
826 824 913 859 affe-

131 874 230 906 ctum
261 871 388 914 habet,
412 869 500 915 qnia
527 869 634 915 quasi
660 870 913 906 connaturalis

130 918 271 954 est.Ille
284 917 384 953 enim
393 917 454 963 qui
465 917 648 952 veraciter
660 916 698 952 in
709 919 823 953 Deuni
837 929 914 954 cre-

132 964 199 1008 dit,
216 976 258 1000 ac
275 964 458 1000 veraciter
474 966 591 1000 Deum
606 964 713 1000 timet
728 968 764 1000 et
779 965 910 1010 diligit,

132 1013 197 1048 Dei
215 1013 330 1048 verba
344 1011 503 1047 libenter
521 1011 717 1064 andit;qni
732 1023 819 1048 vero
838 1024 913 1048 non

131 1060 271 1096 habent
286 1059 398 1095 fidem
412 1069 478 1094 nec
493 1070 619 1095 amor«¹
624 1070 674 1103 m,
687 1058 911 1095 sicutJudfei

131 1111 252 1149 erant,
263 1108 376 1142 verba
390 1106 452 1142 Dei
466 1106 678 1142 audirenon
691 1110 859 1152 possunt
872 1109 913 1142 In

130 1153 189 1190 his
216 1153 339 1189 verbis
361 1153 507 1189 Domini
531 1154 789 1199 unnsquisque
815 1165 911 1189 con—

131 1201 273 1237 scienti
268 1212 326 1236 ini
343 1212 448 1236 suain
464 1202 602 1246 probar
606 1212 625 1236 e
641 1205 775 1253 potest,
787 1205 911 1237 utrum

131 1260 173 1284 ex
187 1250 262 1284 Dco
280 1248 326 1283 sit
344 1259 393 1283 an
410 1259 483 1283 non
500 1261 510 1282 .·
527 1247 589 1293 qui
602 1248 700 1283 enim
716 1249 830 1284 verba
847 1249 910 1284 Dei

129 1299 166 1332 et
188 1295 378 1331 coelostem
404 1295 563 1340 patriam
585 1294 814 1339 desiderare,
835 1306 912 1331 car-

129 1342 189 1379 nis
211 1342 402 1378 desideria
425 1345 461 1377 et
484 1342 613 1378 mnndi
637 1342 796 1387 gloriani
821 1353 910 1378 con-

128 1393 311 1429 temnere
334 1389 458 1425 aliena
479 1401 553 1425 non
576 1395 752 1434 appeteie
772 1394 808 1425 et
828 1401 912 1436 pro-

128 1436 365 1490 prialirgiri,
376 1440 412 1472 et
424 1437 911 1489 aliahujuscemodijuben-

128 1486 176 1520 tis
203 1484 363 1520 libenter
390 1484 506 1527 audit,
530 1488 566 1519 et
593 1483 769 1519 libentius
797 1495 910 1528 opere

130 1532 304 1577 complet,
322 1532 421 1567 nullo
433 1531 542 1566 modo
558 1542 596 1567 se
610 1542 651 1566 ex
665 1533 739 1566 Deo
752 1542 833 1567 esse
846 1532 909 1567 du-

129 1578 250 1615 bitare
267 1579 392 1615 debet.
411 1578 479 1621 Qui
494 1589 580 1614 vero
600 1589 728 1614 vecors
744 1581 779 1614 et
795 1579 910 1614 durus

128 1627 244 1662 verba
281 1625 346 1661 Dei
385 1625 514 1661 audire
543 1625 766 1670 contemnit,
794 1626 850 1662 vel
879 1625 908 1661 si

126 1674 206 1709 haec
231 1684 321 1709 aure
345 1673 513 1718 corporis
540 1673 715 1716 audierit,
743 1676 909 1708 attamen

128 1721 232 1757 nullo
251 1720 387 1763 studio,
404 1720 460 1755 vel
479 1721 606 1757 labore
623 1719 661 1755 in
681 1731 773 1766 opus
789 1720 909 1756 mitte-

130 1779 169 1804 re
190 1771 346 1804 conatus
372 1767 500 1811 fuerit;
524 1767 690 1813 proiecto
712 1778 750 1803 se
773 1779 814 1803 ex
833 1769 907 1804 Deo

129 1826 205 1851 non
230 1826 311 1851 esse
333 1814 511 1850 ostendit.
536 1816 579 1850 Et
602 1815 697 1850 tales
721 1818 827 1850 erant
849 1814 909 1850 isti

128 1862 249 1899 Judaei
273 1861 405 1908 quibus
431 1862 686 1898 concludendo
708 1873 730 1898 a
752 1862 908 1898 Domino

128 1909 189 1945 hic
204 1909 365 1945 dicitur:
384 1911 573 1955 Propterea
587 1920 648 1945 vos
663 1921 734 1945 non
752 1911 905 1954 auditis,

129 1957 166 1992 id
183 1960 239 1992 est
260 1968 334 1993 non
355 1956 521 2001 recipitis
540 1958 655 1992 verba
674 1956 754 2001 Dei,
780 1968 823 1992 ex
842 1967 907 1992 ore

128 2015 226 2048 meo,
251 2008 287 2039 et
318 2004 411 2039 mihi
446 2014 520 2039 non
549 2004 716 2047 creditis,
738 2006 827 2048 quia
862 2015 906 2039 eoe

126 2053 198 2087 Deo
218 2063 288 2086 non
307 2053 407 2095 estis,
432 2054 584 2097 propter
605 2050 739 2086 vitium
766 2052 865 2096 quod
885 2062 907 2087 a

127 2100 203 2135 Deo
228 2109 303 2134 non
324 2102 393 2141 est,
419 2098 483 2134 sed
512 2109 534 2134 a
559 2097 709 2134 diabolo
736 2098 906 2144 suggeri-

127 2148 202 2189 tur,
226 2149 262 2181 et
278 2157 298 2181 a
316 2146 415 2181 mala
432 2146 623 2181 voluntate
645 2145 847 2191 perficitur.
864 2147 908 2181 Et

129 2192 218 2239 quia
239 2204 313 2229 non
334 2194 423 2228 estis
446 2204 489 2229 ex
514 2194 601 2237 Deo,
620 2204 697 2228 non
725 2193 907 2229 habentes

129 2241 244 2276 fidem
265 2251 386 2286 neque
406 2251 594 2284 amorem3
619 2240 788 2286 seqnitur
808 2241 907 2285 qnod

130 2287 210 2323 sitis
232 2298 274 2323 ex
294 2287 459 2329 diabolo,
481 2298 556 2323 non
575 2298 643 2333 per
663 2287 905 2331 creationem,

129 2335 195 2371 sed
218 2345 285 2381 per
306 2334 569 2371 imitationem.
594 2335 698 2370 Unde
726 2336 904 2379 Augusti-

127 2393 196 2418 nus
218 2395 227 2417 :
250 2395 267 2415 «
289 2383 379 2418 Cum
401 2381 489 2417 dicit
508 2394 516 2418 :
541 2384 591 2417 Ex
610 2384 684 2418 Deo
708 2393 781 2418 non
805 2383 905 2426 estis,

128 2428 207 2465 noli
229 2429 425 2465 attendero
446 2433 636 2473 naturam,
655 2429 721 2465 sed
751 2429 904 2473 vitium;

129 2487 173 2512 ex
192 2478 267 2512 Deo
289 2476 440 2521 quidem
460 2480 549 2512 sunt
567 2477 773 2513 secundum
796 2479 905 2512 natu-

131 2534 226 2567 ram,
248 2524 313 2559 sed
346 2534 388 2559 ex
424 2525 498 2559 Deo
534 2535 611 2560 non
639 2531 726 2560 sunt
752 2523 840 2558 vitio
872 2526 909 2558 et

129 2581 246 2617 prava
266 2570 463 2606 affectione
485 2582 494 2606 ε
521 2586 532 2601 u
558 2572 638 2606 haec
661 2572 904 2615 Auqustinus.

177 2633 196 2664 7
220 2619 320 2653 MALE
347 2629 573 2653 AFFECTORUM
588 2630 724 2654 omnes
746 2629 905 2653 TRIPLEX.

129 2685 174 2690 -
196 2666 256 2700 Est
275 2671 413 2705 autem,
440 2666 647 2701 secundum
679 2666 906 2709 Greqorium,

129 2711 264 2758 triplex
285 2712 423 2758 gradus
438 2714 533 2748 male
553 2713 799 2748 affectorum:
821 2722 907 2747 nam

130 2762 216 2796 sunt
243 2759 428 2805 nonnuili,
452 2759 514 2806 qni
539 2763 728 2807 praecepta
751 2759 816 2795 Dei
842 2769 908 2796 nec

214 2843 295 2877 Vin
317 2844 399 2877 JESU
423 2843 566 2883 CHRISTI,
589 2844 702 2876 Tomos
725 2843 766 2875 ΙΙ.

988 219 1079 245 aure
1098 209 1278 253 corporis
1303 210 1338 245 id
1355 213 1410 246 est
1431 211 1604 247 ‹¹¹xtei·ioii
1619 212 1766 258 auditu,

987 256 1181 309 percipere
1222 256 1309 302 dign
1315 261 1449 302 ·iiitur;
1489 259 1588 312 quid.-
1594 271 1643 295 im
1677 271 1766 296 vero

987 303 1211 350 percipiunt,
1238 305 1301 339 soil
1326 305 1426 341 nnllo
1455 307 1591 342 mentis
1618 308 1661 343 d‹
1667 307 1765 344 side

989 351 1042 387 rio
1065 351 1377 396 complectuntur
1400 364 1475 389 non
1502 355 1684 390 habentos
1704 366 1767 391 vo-

987 399 1171 434 luntatem
1197 381 1378 444 implendi
1407 411 1450 435 ea
1477 411 1534 447 qu
1529 413 1559 437 c
1584 402 1762 447 audiniit;

987 445 1138 491 quidam
1153 452 1278 481 autem
1294 446 1454 482 libenter
1469 448 1655 484 audiendo
1668 460 1765 485 com-

986 496 1215 545 punguntur,
1245 494 1310 529 sed
1334 498 1417 539 post
1439 494 1505 530 lus
1500 507 1539 531 is
1565 496 1763 542 lNJicrynits

986 540 1292 577 tiibulationibns
1312 543 1429 587 pressi
1451 546 1515 577 ant
1541 543 1685 579 deliciis
1706 544 1764 580 al—

985 588 1085 629 lecti,
1108 588 1155 623 ad
1172 587 1412 633 iniquitatem
1437 593 1700 626 revertuntur·
1694 590 1765 635 ‚iii

988 637 1151 682 profecto
1180 638 1293 672 verba
1306 636 1370 672 Dei
1392 647 1468 671 non
1486 637 1656 682 audiunt,
1679 638 1768 682 qnia

986 693 1159 720 exercere
1176 681 1214 718 in
1234 694 1348 729 opere
1369 686 1630 720 contemnunt.
1662 685 1765 721 Licet

986 742 1075 777 ergo
1107 741 1239 766 omnes
1273 732 1347 766 sint
1371 730 1437 766 filii
1468 731 1534 767 Dei
1561 742 1628 778 pei·
1660 736 1767 768 nitu-

986 789 1080 816 ram
1097 777 1151 813 illi
1170 781 1297 814 tamen
1316 789 1358 815 ex
1379 778 1528 814 diabolo
1548 789 1615 825 pei·
1636 778 1766 815 vitium

985 830 1083 870 sunt,
1102 825 1165 871 qui
1186 825 1301 861 xerba
1316 825 1382 862 Dei
1405 837 1478 861 non
1499 826 1672 873 diligunt.
1697 826 1765 870 Qui

986 884 1074 909 veio
1106 885 1149 908 ex
1176 874 1252 908 Deo
1281 872 1538 919 generationis
1561 854 1766 920 adoptione

987 919 1106 956 renati
1129 924 1227 964 sunt,
1247 920 1403 956 andiunt
1422 921 1538 957 veiha
1563 922 1628 958 Dei
1651 925 1687 957 et
1706 933 1767 957 cu-

986 967 1167 1004 stodiunt.
1193 969 1286 1003 Dum
1318 971 1420 1004 terra
1446 971 1503 1004 est
1522 969 1591 1004 sub
1612 972 1707 1004 tecto
1731 972 1768 1005 et

988 1027 1059 1051 non
1082 1016 1285 1061 compluta,
1308 1015 1398 1051 latet
1418 1026 1603 1061 quosnam
1624 1016 1767 1052 fructus

987 1064 1034 1098 sit
1065 1063 1164 1098 ferre
1195 1065 1301 1108 apta;
1332 1063 1412 1107 sed,
1439 1063 1470 1098 si
1501 1068 1558 1099 est
1584 1065 1653 1099 sub
1678 1073 1766 1099 aere

986 1112 1087 1146 nudo
1109 1113 1145 1146 et
1168 1110 1372 1156 compluta,
1392 1113 1496 1156 patet
1517 1109 1600 1156 quis
1621 1111 1765 1147 fructus

986 1157 1109 1193 veniat
1131 1168 1173 1192 ex
1194 1168 1249 1192 ea.
1268 1157 1398 1202 Igitur,
1420 1157 1450 1192 si
1472 1157 1618 1193 divinus
1640 1168 1763 1194 sermo

986 1205 1032 1240 sit
1053 1204 1119 1240 tibi
1134 1203 1271 1249 gravis,
1288 1208 1325 1239 et
1335 1204 1438 1249 quasi
1457 1204 1620 1240 sarcinat
1637 1216 1764 1250 aures,

985 1251 1075 1288 time
1107 1263 1152 1287 ne
1179 1250 1229 1286 sis
1266 1250 1460 1303 praescitus
1490 1262 1576 1287 cum
1607 1253 1763 1296 Judaeis,

985 1310 1078 1344 qnos
1120 1299 1240 1334 imber
1263 1297 1367 1334 vei-bi
1405 1298 1599 1345 compluit,
1622 1302 1658 1334 et
1692 1299 1763 1346 ipsi

985 1348 1113 1399 spinas
1137 1349 1173 1381 et
1204 1345 1365 1381 tribulos
1395 1350 1665 1391 exeicuerunt3
1689 1357 1762 1392 quo

983 1394 1105 1441 patuit
1119 1393 1219 1439 qnod
1234 1396 1291 1428 tei
1294 1404 1344 1428 1ae
1358 1393 1571 1429 maledictio
1590 1404 1634 1439 pi
1638 1404 1762 1430 oxima

985 1445 1078 1485 erat,
1108 1451 1219 1486 qnam
1243 1441 1341 1485 ignis
1359 1441 1554 1477 devastare
1573 1441 1715 1477 debuit.

1032 1492 1051 1523 8
1077 1490 1166 1532 Quin
1182 1500 1424 1523 RESPONDERIT
1437 1490 1612 1525 CHRISTUS
1627 1490 1762 1524 JUDAEIS

984 1548 1054 1572 ann
1072 1547 1289 1571 voCANTiiins
1312 1536 1567 1572 SAMARITANUM
1582 1548 1623 1571 ET
1644 1548 1764 1572 nAEiio-

983 1583 1140 1619 Nimim?
1166 1604 1211 1607 —
1242 1584 1298 1627 Et,
1332 1583 1421 1628 qnia
1451 1585 1573 1620 Jtinaei
1604 1583 1764 1619 convicti

983 1635 1069 1667 sunt
1095 1641 1168 1666 non
1207 1641 1287 1666 esse
1311 1630 1379 1666 filii
1411 1631 1573 1666 Abrabae
1594 1632 1652 1666 vel
1679 1631 1760 1677 Dei,

985 1682 1049 1715 sen
1071 1677 1233 1720 diaboli3
1258 1677 1344 1713 ideo
1380 1677 1587 1714 nescientes
1609 1683 1760 1714 contra-

983 1725 1108 1762 dicere
1130 1724 1241 1769 veris,
1257 1725 1521 1761 contradicunt
1536 1725 1698 1771 inJuriis,
1723 1728 1761 1762 et

982 1773 1158 1819 ingerunt
1180 1772 1357 1817 convitia,
1380 1772 1468 1818 quia
1489 1772 1665 1808 resistere
1683 1783 1759 1809 non

983 1823 1138 1866 possunt
1159 1831 1202 1856 ex
1225 1819 1381 1855 veritate
1403 1820 1541 1866 aliqua.
1559 1820 1687 1856 Modus
1710 1823 1761 1856 et-

982 1867 1082 1904 enim
1103 1866 1299 1903 hominum
1319 1869 1380 1913 qui
1401 1871 1575 1903 nesciunt
1595 1867 1759 1904 rationa-

981 1915 1107 1952 biliter
1126 1914 1368 1961 respondere,
1389 1918 1445 1951 est
1465 1915 1513 1950 ad
1534 1914 1698 1951 convitia
1719 1925 1759 1951 se

980 1966 1220 2006 convertere;
1246 1965 1282 1998 et
1320 1962 1404 1998 ideo
1429 1961 1550 1998 Judaei
1588 1973 1663 1998 non
1697 1962 1763 1998 ha-

983 2011 1112 2046 bentes
1133 2009 1222 2055 quid
1243 2009 1518 2045 rationabiliter
1536 2011 1683 2046 Cliristo
1703 2020 1759 2045 re-

981 2057 1223 2103 sponderent,
1235 2057 1282 2092 ad
1292 2057 1453 2092 convitia
1466 2067 1505 2092 se
1520 2059 1759 2093 convertunt.

982 2105 1087 2140 Unde
1105 2103 1404 2140 contradicentes
1418 2104 1681 2150 responderunt
1697 2106 1759 2139 Jw

981 2153 1052 2187 daei
1074 2157 1106 2186 et
1128 2152 1303 2186 diaeerzmt
1329 2153 1362 2186 ei
1384 2163 1391 2187 :
1420 2155 1542 2187 1Nonne
1568 2152 1652 2186 bene
1672 2152 1759 2187 dici·

981 2209 1060 2234 mus
1082 2209 1160 2243 nos,
1186 2200 1276 2244 quia
1299 2200 1557 2235 Samaritanus
1580 2209 1615 2233 es
1649 2202 1701 2242 tu,
1724 2201 1758 2234 et

981 2247 1196 2282 daemonium
1219 2247 1356 2281 babes?
1379 2245 1480 2281 Licet
1501 2250 1626 2282 autem
1648 2245 1758 2281 Chri-

981 2297 1060 2330 stus
1073 2297 1168 2329 esset
1180 2304 1318 2340 genere
1329 2294 1480 2329 Judaeus
1492 2297 1528 2329 et
1545 2304 1618 2329 non
1631 2294 1758 2329 Sama-

981 2347 1139 2386 ritanus,
1165 2345 1292 2377 tamen
1316 2347 1451 2377 vocant
1479 2352 1564 2377 enm
1593 2340 1758 2376 Samari-

980 2392 1110 2425 tanum
1125 2400 1168 2424 ex
1189 2389 1309 2425 causis
1335 2387 1759 2436 plui¹ibus.Samaritani

981 2439 1093 2483 enim,
1116 2440 1177 2485 qui
1205 2444 1313 2475 erant
1341 2439 1518 2484 Gentiles,
1541 2438 1682 2476 Judaeis
1702 2438 1759 2474 in-

980 2486 1063 2522 festi
1082 2491 1194 2532 atque
1210 2486 1366 2523 odibiles
1380 2490 1500 2532 erant,
1517 2498 1560 2523 eo
1577 2486 1675 2532 qnod
1687 2489 1758 2520 ter·

980 2544 1060 2569 rain
1072 2544 1201 2570 eorum
1214 2534 1473 2580 possidebant3
1487 2537 1524 2570 et
1536 2534 1619 2569 ideo
1632 2533 1758 2577 vulga-

980 2592 1020 2616 re
1044 2584 1124 2616 erat
1149 2582 1246 2627 apud
1269 2582 1433 2627 Judaeos,
1459 2582 1559 2628 quod
1586 2580 1758 2616 homines

981 2628 1100 2664 milos
1126 2631 1163 2663 et
1189 2628 1243 2664 eis
1269 2629 1440 2672 odibiles,
1466 2627 1613 2664 etiamsi
1637 2625 1755 2663 Jndaei

981 2678 1119 2721 essent,
1151 2680 1329 2712 vocarent
1356 2660 1638 2718 Samaritano&
1669 2673 1755 2708 talis

981 2727 1106 2759 autem
1132 2727 1212 2760 erat
1238 2723 1406 2760 Christus
1433 2724 1643 2759 secundum
1672 2719 1754 2766 opi-

980 2770 1134 2808 nionem
1154 2782 1301 2818 eorum,
1323 2781 1433 2818 quem
1459 2769 1662 2807 credebant
1694 2778 1755 2804 ar-

1638 2839 1675 2870 19
