1894 3186
159 232 220 264 260
616 224 756 258 PRIMAE
793 224 946 258 PARTIS
984 225 1120 257 CAPUT
1158 225 1307 258 LXXIX

160 295 352 337 Dominus,
374 291 460 338 quia
480 301 565 328 cum
578 291 746 336 magistri
761 290 925 337 plebium

161 341 274 379 videri
285 342 476 387 appetunt,
488 338 677 374 hominem
689 338 817 375 bestiae
830 340 927 383 post-

154 392 308 437 ponunt.
329 387 431 423 Unde
444 386 495 422 ait
507 387 797 430 Chryses-tomus:
817 399 834 417 «
855 386 925 419 Be-

152 449 199 473 ne
234 434 324 472 dicit
352 432 583 479 hypocritam
604 431 809 478 principem
837 442 923 476 syn·

147 494 292 530 agogae,
333 480 420 526 quia
456 479 589 515 faciem
626 479 788 514 habebat
819 477 924 522 Legis

147 529 326 572 cultoris;
353 537 459 563 mens
479 537 566 562 vero
587 526 668 571 ejus
690 528 769 560 erat
784 524 924 559 versuti

149 582 185 614 et
202 575 332 612 invidi.
355 576 436 610 Non
457 573 555 609 enim
574 574 750 608 turbatur
771 574 925 616 propter

149 625 360 665 sabbatum,
377 620 466 667 quia
481 620 663 662 violatur3
690 618 754 653 sed
772 620 925 663 propter

151 670 355 713 Christum,
387 667 475 713 quia
508 666 740 712 glorificatur
762 675 770 699 ι
795 677 812 697 »
842 665 922 699 haec

152 719 435 762 chrysostomus.
461 712 639 749 Similiter
670 710 782 746 hodie
817 709 923 745 multi

149 776 225 801 non
248 764 367 800 solum
395 760 594 802 seculares,
614 758 679 793 sed
700 757 814 793 etiam
836 756 922 792 reli—

150 810 246 857 giosi
285 812 372 846 sunt
408 808 514 847 tales,
536 806 656 851 magis
689 804 741 839 de'
772 814 922 849 pecore,

151 867 263 902 quam
307 856 353 891 de
392 853 546 889 homine
588 854 775 887 curantes.
818 851 923 886 Unde

148 903 356 940 Bernartius
378 914 388 935 .·
415 916 429 931 «
453 899 559 936 Cadit
579 899 697 941 asina,
720 901 756 933 et
782 900 837 932 est
859 897 923 942 qui

149 951 336 991 sublevet3
357 946 454 993 perit
474 945 613 989 anima,
637 948 672 980 et
690 955 765 980 non
786 947 842 979 est
863 943 924 989 qui

149 999 265 1033 curet.
304 1008 321 1028 »
356 996 452 1039 Ergo
490 992 552 1038 qui
586 990 768 1037 praeponit
798 1001 924 1025 curam

149 1043 248 1089 equi,
264 1043 319 1077 vel
336 1042 604 1086 cujuscumque
620 1037 766 1084 pecoris
782 1037 850 1079 sui,
868 1037 924 1072 vel

148 1091 261 1127 ctiam
299 1087 467 1133 corporis
486 1114 495 1130 ,
538 1085 716 1121 libentius
753 1088 925 1129 sumptus

148 1136 317 1173 faciendo
345 1139 381 1170 et
398 1133 619 1176 laborando,
642 1135 681 1167 ut
705 1130 884 1166 liberetur
904 1142 925 1166 a

148 1185 294 1225 morbo,
316 1181 372 1217 vel
401 1181 447 1216 ab
483 1179 564 1214 aliis
599 1178 789 1225 perieulis,
813 1188 923 1222 quam

148 1242 215 1277 pro
243 1229 368 1266 anima
397 1225 612 1269 Christiani,
635 1228 676 1260 ut
705 1227 857 1259 sanetur
888 1227 925 1260 et

148 1278 331 1313 liberetur
351 1286 373 1310 a
393 1273 532 1309 diaboli
562 1271 716 1317 laqueis,
740 1281 822 1306 cum
842 1281 923 1305 eam

149 1324 265 1360 multo
289 1320 409 1367 magis
430 1323 603 1355 teneatur
624 1317 781 1360 diligere
811 1328 922 1362 quam

149 1381 284 1416 corpus
317 1367 525 1414 proprium,
553 1365 746 1411 hypocrita
779 1368 847 1408 est,
888 1367 924 1399 et

149 1428 261 1464 grave
289 1415 376 1451 facit
398 1417 603 1460 peccatum.

202 1480 237 1499 11
263 1465 425 1499 SABBATA
440 1471 607 1500 Quouono
630 1468 919 1493 SANCTIFICANDA.

152 1531 195 1536 «-
212 1512 254 1545 Et
270 1509 461 1545 sciendum
482 1506 579 1551 quod
595 1505 743 1550 quando
761 1503 919 1539 dicitur:

150 1558 312 1594 Sabbata
339 1554 563 1594 sanctifices,
586 1551 682 1587 istud
712 1554 834 1596 potest
855 1550 921 1585 tri-

148 1603 294 1650 pliciter
333 1600 449 1646 accipi
481 1612 489 1635 :
518 1599 639 1644 primo
679 1597 920 1643 generaliter,

147 1654 188 1687 ut
217 1659 404 1686 cessemus
427 1658 449 1682 a
470 1646 570 1681 vitiis
589 1648 626 1681 et
643 1644 804 1690 peccatis
823 1655 830 1687 3
863 1654 922 1679 se-

146 1697 268 1733 cundo
305 1694 528 1741 specialiter,
567 1697 607 1728 ut
644 1701 833 1726 cessemus
875 1691 921 1726 ab

147 1743 322 1790 operibus
337 1740 605 1786 corporalibus,
617 1749 699 1783 quae
715 1736 923 1783 impediunt

147 1790 379 1827 vacationem
400 1788 447 1823 ad
468 1789 586 1822 Deum
609 1789 645 1820 et
666 1785 748 1830 ejus
767 1784 919 1827 cultum,

147 1841 185 1873 ut
206 1840 291 1872 sunt
310 1846 423 1880 opera
447 1831 679 1874 mechanica,
701 1835 735 1865 et
757 1830 920 1875 agricul-

146 1888 244 1927 tura,
266 1893 309 1918 ae
330 1880 588 1922 mercantium,
603 1881 639 1913 et
661 1876 920 1923 placitantium

146 1934 182 1967 et
206 1926 487 1975 hujuscemodi3
510 1925 620 1961 tertio
637 1923 919 1969 specialissime,

145 1980 185 2013 ut
204 1982 260 2012 est
280 1976 318 2010 in
342 1975 431 2009 viris
459 1970 769 2017 contemplativis,
792 1969 853 2015 qui
876 1970 921 2005 ab

145 2023 319 2060 omnibus
335 2019 533 2056 mundanis
549 2030 587 2054 se
608 2020 795 2063 separant,
814 2019 851 2051 ut
871 2020 924 2051 to-

147 2070 269 2106 taliter
293 2070 344 2104 sic
372 2070 446 2103 Deo
473 2064 752 2102 vacent.Prima
778 2062 921 2098 vacatio

149 2121 204 2153 est
239 2114 463 2157 necessaria,
495 2112 657 2148 secunda
689 2114 745 2146 est
778 2109 919 2153 debita,

151 2163 259 2199 tertia
275 2165 329 2198 ost
345 2162 509 2207 perfecta
534 2161 671 2195 Etcum
687 2159 758 2192 hoec
773 2158 919 2199 diceret,

149 2209 399 2245 erubescebant
431 2217 548 2242 omnes
587 2205 791 2239 ccclversariz·
828 2203 919 2247 ejus,

148 2255 292 2292 confusi
320 2264 386 2290 sua
412 2251 627 2289 rationabili
661 2249 919 2296 responsione,

150 2303 237 2349 quia
272 2300 418 2336 veritati
457 2302 595 2344 apertae
634 2308 709 2332 non
747 2299 921 2341 poterant

150 2348 418 2386 contradicere.
442 2349 488 2381 Et
517 2346 631 2381 omnis
651 2345 820 2389 populus,
847 2342 918 2377 sci-

147 2396 234 2432 licet
256 2393 442 2439 simplices
466 2395 502 2427 et
527 2390 699 2433 humiles,
721 2390 918 2433 qazcdebat,

146 2446 185 2479 in
206 2442 384 2477 universis
397 2450 475 2483 qtcae
489 2440 641 2481 yloriose
656 2438 788 2482 fiebunt
805 2436 849 2470 ab
866 2446 917 2479 eo,

146 2490 184 2526 id
200 2494 268 2531 est,
285 2487 322 2522 in
341 2485 447 2521 factis
467 2489 502 2520 et
519 2484 625 2519 dictis
641 2483 716 2518 suis
731 2482 917 2527 gloriosis,

145 2540 338 2581 tamquam
360 2536 548 2567 amatores
563 2530 742 2565 veritatis.

198 2596 236 2618 12
264 2583 382 2616 Dffl‘rAE
412 2590 511 2620 TnEs,
537 2588 625 2616 Quas
658 2578 793 2611 Hnnom
826 2586 917 2609 NUN-

148 2641 251 2665 TlARE
268 2638 372 2663 JUBET
396 2626 583 2665 CHRISTUS,
606 2634 688 2662 QUID
708 2633 852 2656 MYSTICH
877 2633 917 2655 ET

148 2686 344 2712 uonALn‘un
364 2681 579 2707 SIGNIFICENT
596 2669 613 2704 ?
638 2692 671 2695 ---
696 2671 736 2703 Ιη
758 2670 839 2712 ipsa
861 2669 918 2702 (lie

148 2723 372 2759 accesserunt
390 2720 539 2764 quidam
562 2717 835 2757 Pharisaeomcm,
860 2715 916 2748 cli-

149 2773 262 2805 centes
286 2769 358 2811 illi,
375 2764 514 2801 scilicet
532 2765 633 2805 Jesu,
654 2761 803 2807 quidam
822 2762 916 2796 t'orte

149 2818 249 2853 bono
272 2814 364 2857 zelo,
381 2811 520 2848 scilicet
539 2812 580 2846 ut
598 2808 666 2845 sibi
685 2807 913 2851 consuleret,

999 292 1148 345 quidam
1168 293 1279 337 malo,
1299 292 1437 329 scilicet
1452 296 1491 328 ut
1505 294 1719 338 probarent,
1738 295 1767 329 si

998 343 1131 375 timore
1155 339 1296 379 mortis,
1331 350 1352 374 a
1378 339 1548 374 doctrina
1573 344 1738 376 cessaret
1761 352 1768 375 :

998 388 1073 438 Exi
1101 390 1133 421 et
1163 387 1253 421 vade
1280 388 1375 427 hinc,
1397 386 1538 421 scilicet
1567 387 1614 422 ad
1648 387 1771 422 locum

998 444 1035 468 1n
1066 444 1139 478 quo
1172 434 1336 468 Herodes
1356 436 1500 478 partem
1527 443 1602 467 non
1627 434 1767 477 liabet3

998 482 1085 524 quia
1096 481 1252 515 Herodes
1266 482 1344 515 vult
1357 484 1388 514 te
1403 481 1572 515 oceidere.
1585 482 1631 515 Et
1647 485 1770 515 osten-

997 527 1090 562 dens
1113 538 1150 562 se
1171 526 1306 563 talibus
1324 537 1397 561 non
1414 526 1561 569 terreri,
1581 528 1633 561 ait
1655 528 1732 562 illis
1755 539 1764 562 :

996 576 1060 616 Ite,
1083 575 1191 609 (licite
1222 575 1325 618 vulpi
1356 575 1427 608 illi.
1451 574 1520 608 Per
1540 573 1688 618 vulpem
1710 573 1767 609 in-

998 620 1177 666 telligitur
1191 621 1310 656 malus
1323 619 1507 665 princeps,
1524 620 1652 665 vulpes
1665 619 1769 655 enim

997 671 1053 703 est
1078 667 1215 703 animal
1246 667 1429 710 dolosum,
1453 677 1579 712 rapax,
1602 670 1770 703 tortuose

996 714 1186 759 incedens,
1215 718 1251 750 et
1286 713 1482 756 soetidum;
1516 713 1567 748 sic
1596 713 1771 759 princeps

997 762 1129 805 malus,
1159 761 1278 807 qualis
1306 763 1386 795 erat
1416 759 1484 795 iste
1512 760 1692 804 Herodes,
1716 763 1770 796 est

997 809 1147 844 dolosus
1168 819 1234 854 per
1252 806 1566 842 machinationem
1588 807 1690 850 mali,
1715 817 1770 843 ra-

996 866 1066 901 pax’
1079 855 1162 890 {eris
1175 854 1299 891 alieni,
1313 857 1479 889 tortuose
1494 852 1672 888 incedens
1684 865 1767 899 pcr-

997 904 1172 937 versitate
1195 900 1339 947 judicii,
1361 899 1596 945 foetidusque,
1626 911 1692 945 per
1717 901 1770 936 in-

997 949 1149 984 famiam
1174 947 1333 983 nominis
1354 947 1424 982 sui.
1447 946 1515 989 Qui
1547 946 1659 982 etiam
1682 946 1768 982 niti—

998 999 1060 1031 tur
1078 995 1265 1031 Christum
1285 994 1452 1030 occidere
1476 993 1513 1028 in
1531 1004 1569 1028 se
1585 997 1621 1029 et.
1642 996 1677 1028 in
1694 993 1770 1029 suis

999 1042 1190 1085 membris,
1214 1044 1395 1087 quantum
1416 1040 1452 1075 in
1476 1040 1554 1084 ipso
1575 1043 1644 1075 est.
1668 1041 1769 1076 Unde

998 1090 1204 1124 Bernardus
1228 1101 1238 1123 .·
1265 1103 1283 1121 «
1306 1089 1410 1123 Patet
1434 1091 1613 1132 quantum
1641 1091 1771 1123 noceat

998 1136 1127 1181 iniqua
1150 1139 1329 1181 potestas,
1353 1134 1539 1180 quomodo
1564 1138 1673 1179 caput
1699 1134 1769 1169 im-

1000 1183 1099 1228 pium
1128 1183 1314 1228 subjectos
1335 1192 1482 1226 quoque
1509 1192 1587 1216 suae
1619 1183 1770 1216 contor-

998 1233 1073 1266 met
1108 1229 1302 1275 impietati.
1328 1228 1462 1263 Misera
1495 1228 1605 1273 plane
1627 1227 1770 1272 civitas,

996 1277 1034 1312 in
1056 1287 1127 1321 qua
1150 1279 1282 1321 regnat
1302 1275 1479 1318 Herodes,
1500 1274 1675 1319 quoniam
1699 1276 1769 1310 He-

998 1324 1163 1359 rodianae
1192 1322 1375 1368 particeps
1402 1321 1472 1356 erit
1497 1321 1671 1356 malitiae!
1701 1323 1772 1357 He-

998 1372 1154 1406 rodiana
1177 1381 1262 1405 vero
1292 1368 1433 1403 malitia
1460 1368 1529 1402 suit
1556 1371 1769 1403 nascentem

998 1418 1090 1453 velle
1115 1416 1350 1461 exstinguere
1375 1414 1611 1460 religionem,
1636 1414 1665 1449 si
1687 1415 1769 1460 quis

999 1476 1086 1509 ergo
1106 1463 1311 1508 religionis,
1332 1462 1388 1497 vel
1405 1461 1612 1496 sanctitatis
1630 1465 1767 1506 ortum,

997 1516 1060 1546 aut
1080 1511 1301 1556 profectum,
1323 1512 1386 1543 aut
1407 1507 1767 1543 consummationem

998 1557 1191 1603 impedire,
1226 1559 1396 1591 conatur.
1431 1555 1485 1589 vel
1514 1554 1766 1600 persequitur,

999 1605 1081 1640 talis
1100 1615 1181 1639 cum
1205 1603 1348 1638 Herode
1368 1601 1554 1637 Christum
1575 1601 1767 1646 persequi-

996 1655 1074 1687 tur:
1094 1668 1109 1681 »
1128 1652 1206 1685 haec
1219 1649 1438 1685 Bernardas.
1454 1647 1583 1691 Dicite,
1598 1647 1764 1693 inquam,

996 1698 1096 1744 vulpi
1133 1697 1184 1732 illi
1210 1708 1218 1732 ε
1246 1699 1334 1732 Ecce
1364 1695 1468 1739 ejicio
1507 1695 1699 1736 daemonia,
1734 1698 1770 1730 et

998 1757 1070 1780 non
1096 1746 1249 1790 possunt
1273 1742 1463 1784 resistere,
1486 1752 1567 1777 cum
1595 1741 1667 1776 sint
1689 1751 1767 1776 ma-

992 1792 1086 1837 J'oris
1104 1790 1298 1836 potestatis
1313 1799 1423 1834 quam
1441 1788 1618 1831 Herodes,
1633 1791 1668 1823 et
1684 1786 1766 1823 ideo

996 1850 1068 1874 non
1091 1839 1209 1873 habeo
1232 1837 1363 1871 timere
1385 1845 1492 1877 eum;
1516 1838 1548 1869 et
1577 1837 1766 1878 sanitates,

996 1885 1137 1921 scilicet
1162 1884 1200 1919 in
1223 1893 1376 1928 corpore
1401 1885 1436 1916 et
1459 1880 1597 1925 anima,
1622 1883 1768 1926 perficio

997 1934 1100 1967 hodie
1134 1935 1166 1966 et
1193 1941 1286 1974 σφας,
1308 1929 1345 1964 id
1377 1931 1432 1963 est
1465 1927 1592 1973 paucis
1621 1927 1765 1971 diebus,

997 1990 1113 2024 usque
1140 1978 1186 2013 ad
1214 1981 1360 2021 tempus
1385 1975 1576 2010 Passionis
1597 1985 1711 2018 mean
1735 1978 1768 2009 ct

996 2028 1104 2061 tertia
1133 2026 1191 2060 die
1222 2033 1462 2066 consummor,
1496 2032 1562 2067 per
1592 2025 1765 2056 mortem.

996 2072 1105 2116 Quasi
1133 2072 1299 2107 diceret:
1324 2069 1488 2104 Herodes
1521 2078 1595 2103 non
1630 2067 1767 2113 poterit

995 2118 1176 2165 impedire
1201 2117 1289 2163 quin
1311 2115 1443 2151 faciam
1472 2115 1570 2160 quod
1598 2113 1764 2149 intendo.

994 2165 1126 2211 Tangit
1147 2167 1271 2200 autem
1303 2161 1550 2197 intentionem
1584 2159 1624 2195 in
1646 2160 1764 2196 tribus

994 2212 1103 2248 dietis
1124 2223 1132 2246 ε
1156 2212 1277 2256 prima
1309 2207 1474 2244 constitit
1494 2207 1533 2242 in
1554 2207 1765 2242 daemonum

994 2258 1208 2305 expulsione
1225 2269 1232 2300 ;
1256 2255 1433 2298 secunda,
1451 2253 1487 2288 in
1504 2253 1765 2289 infirmitatum

994 2305 1203 2347 curatione,
1221 2302 1344 2345 tertia,
1358 2301 1396 2336 in
1412 2299 1524 2336 officii
1537 2300 1593 2336 sui
1610 2311 1675 2346 per
1687 2311 1768 2335 cru-

993 2353 1045 2388 cis
1071 2351 1280 2398 patibulum
1309 2347 1644 2389 consummatione,
1679 2350 1768 2382 tunc

993 2399 1094 2435 enim
1107 2398 1363 2433 consummata
1378 2398 1464 2429 sunt
1482 2394 1607 2429 omnia
1621 2394 1665 2428 de
1687 2393 1767 2436 ipso

993 2446 1130 2489 inhege
1147 2448 1182 2479 et
1199 2441 1393 2487 Prophetis
1410 2440 1532 2475 dicta:
1554 2441 1654 2475 unde
1679 2439 1770 2475 (lixit

989 2494 1067 2538 J'am
1107 2490 1308 2526 moriturus
1333 2500 1342 2523 ι
1379 2489 1666 2524 Cunsmnmutmn
1702 2489 1766 2521 est.

992 2542 1036 2575 Et
1071 2537 1288 2578 notandum,
1319 2535 1416 2579 quod
1439 2533 1628 2577 adverbia,
1657 2532 1768 2568 hodie

993 2590 1028 2621 et
1044 2596 1139 2628 cras,
1154 2581 1368 2627 singulatim
1385 2580 1576 2616 reddenda
1588 2583 1672 2615 sunt
1685 2589 1764 2614 ver-

991 2633 1061 2677 bis,
1084 2635 1126 2667 ut
1147 2630 1194 2665 sit
1214 2639 1359 2669 sensus,
1374 2629 1489 2669 hodie,
1514 2628 1618 2670 ejicio
1640 2627 1765 2661 daemo-

990 2682 1054 2715 nia
1072 2691 1081 2723 3
1104 2681 1137 2714 et
1157 2687 1249 2719 οναε,
1264 2676 1409 2721 perficio
1428 2675 1616 2709 sanitates.
1637 2672 1763 2707 Primo

991 2726 1092 2762 enim
1121 2726 1176 2760 est
1205 2723 1416 2758 daemonum
1439 2719 1592 2766 ejectio;
1618 2722 1761 2764 postea,

990 2770 1160 2809 sanitatis
1169 2768 1334 2811 collati03
1348 2766 1472 2810 tertio,
1486 2769 1608 2802 autem
1625 2764 1764 2800 sanita-

989 2819 1036 2856 tis
1057 2818 1201 2855 collatae
1221 2813 1507 2852 consummatio.
1530 2833 1575 2839 -—
1594 2810 1758 2858 Mystice,
