1894 3186
415 195 465 229 DE
502 195 647 231 sunno
686 200 734 233 Er
773 202 888 235 MUTO
926 205 947 237 A
988 204 1169 239 DEMONE
1210 206 1442 243 Posssssso.
1691 215 1752 248 325

850 305 1018 340 ORATIO

164 389 320 440 Domine
339 392 429 444 Jetsu
453 392 619 444 ‚Cliriste‚
641 398 676 430 tc
703 407 794 442 rog-o
824 403 860 433 et
881 400 1051 443 obsecro,
1073 401 1255 438 miserere
1284 405 1371 449 mei,
1397 410 1433 442 et
1463 408 1603 455 adjuva
1633 422 1691 447 me
1714 412 1750 447 in

116 446 220 489 meis·
245 440 547 492 necessitatibuS,
575 451 616 477 ac
649 445 897 482 tentationum
931 452 967 482 et
993 447 1279 486 tribulationum
1310 453 1587 492 vexationibus·
1619 462 1653 494 et
1707 459 1735 494 si

114 484 287 528 Domine,
310 496 399 538 qula
420 496 525 522 canis
544 498 651 543 surm
666 495 702 526 et
722 493 821 538 apud
844 496 878 528 te
901 493 957 529 vix
979 498 1017 530 ut
1041 495 1158 539 canis,
1182 508 1257 533 non
1289 508 1370 535 sum
1399 501 1536 547 dignus
1561 486 1751 542 ihteff'rurrl

115 541 136 566 a
156 534 192 583 te
217 541 368 577 panem,
388 532 425 568 ld
446 537 503 586 est
526 539 825 590 magnitudinem
847 541 1034 577 donorum
1056 546 1206 580 tuorum
1224 545 1416 591 recipere;
1438 550 1570 586 saltem
1592 543 1751 588 damini

115 588 229 613 micas
250 579 438 632 parvulas,
461 581 498 616 ld
519 586 575 618 est
597 583 871 637 aliquantulum
893 589 938 623 de
958 589 1080 633 gratia
1101 594 1166 627 tua
1185 603 1192 627 :
1214 593 1295 629 sine
1315 603 1387 639 qua
1407 596 1534 633 anima
1555 609 1638 635 mea
1658 601 1754 636 male

114 635 136 660 a
154 625 342 680 daemonio
366 633 647 682 venatum-cum
669 643 749 678 ipsa
772 645 871 679 vero,
893 640 1238 685 quantumcumque
1266 650 1382 686 parva
1406 643 1531 689 fuerit,
1554 656 1576 680 a
1599 652 1752 692 peccato

115 675 151 708 et
174 673 364 710 daemonio
402 675 639 731 libera-bnur.
660 681 750 716 Nam
785 682 907 727 gratia
933 686 996 719 tua
1017 684 1182 722 existens
1202 686 1241 722 in
1265 687 1404 734 anima,
1430 693 1464 725 et
1493 692 1591 727 delet
1625 694 1751 729 onmia

115 725 281 765 peecata.
306 725 342 756 et
362 723 439 758 Deo
458 724 544 760 sami
565 736 729 763 animam
752 729 869 765 filiam
890 730 1117 777 adoptivam.
1138 734 1272 771 Amen.

784 933 966 981 CAPUT
1005 937 1075 981 ΧΗ

472 1065 520 1092 nn
553 1066 679 1094 sunno
711 1068 761 1094 ΕΤ
791 1068 901 1096 MU'ro
931 1070 955 1096 Α
984 1070 1154 1100 ΒῈΜΟΝΗ
1180 1072 1382 1102 possessu.

778 1176 891 1211 Marci
911 1186 993 1222 cap.
1019 1178 1094 1215 Vll.

162 1299 173 1320 1
232 1283 401 1322 SANATU'R
447 1298 581 1322 SURDUS
628 1299 670 1322 ET
715 1299 831 1324 MUTUS
875 1302 898 1325 A
929 1294 933 1328 l
966 1296 1005 1329 tu
1044 1291 1100 1329 vis
1135 1293 1274 1339 curari,
1296 1294 1468 1338 sequaris
1498 1296 1751 1343 exemplarem

110 1343 264 1368 DAEMONE
299 1344 508 1379 POSSESSU5‚
544 1346 611 1370 PER
649 1346 745 1375 QUEM
781 1348 896 1373 omns
967 1340 1257 1378 instructionem
1273 1342 1424 1378 medici.
1443 1343 1559 1379 Exeas
1573 1344 1620 1380 de
1637 1345 1748 1390 Tyro,

111 1391 285 1436 antimum
329 1392 544 1438 meranda.
588 1403 633 1408 —-
676 1385 723 1419 Et
764 1385 896 1420 iterum
967 1389 1003 1425 id
1030 1393 1088 1424 est
1113 1389 1158 1425 de
1181 1393 1350 1435 peccato,
1376 1400 1444 1436 per
1466 1390 1747 1435 contritionem,

112 1438 238 1483 eaftens
257 1429 367 1464 Jesus
386 1429 429 1464 de
444 1430 579 1474 simbus
600 1431 701 1474 Tyri,
716 1433 815 1467 venit
831 1443 897 1477 per
965 1436 1235 1482 interpretatur
1261 1436 1361 1473 enim
1394 1441 1587 1482 (wynstan
1619 1438 1750 1475 venias

114 1475 284 1530 Stdonem
312 1477 360 1511 ad
386 1487 486 1511 mare
509 1477 683 1521 Galz'taeae,
706 1479 802 1531 inter
820 1490 893 1514 me-
965 1494 1033 1529 per
1067 1484 1258 1527 Sidonem,
1290 1483 1329 1520 id
1371 1487 1428 1520 est
1456 1485 1746 1530 consessionem,

110 1522 191 1557 ‘1203
217 1525 305 1568 fines
333 1524 560 1577 Decapoteos.
587 1525 787 1571 Decapolls
819 1537 895 1562 no-
930 1532 932 1540 '
964 1531 1235 1576 interpretatur
1268 1531 1371 1567 enim
1405 1535 1564 1574 venatio,
1598 1536 1636 1569 et
1664 1544 1747 1569 con-

111 1579 197 1606 ΠῙΘΠ
220 1574 275 1606 est
299 1581 465 1615 P35=⁷10¹¹¹S
485 1571 615 1608 decem
636 1573 749 1608 urbes
770 1573 891 1609 Conti-
929 1544 932 1638 Ι
964 1578 1074 1614 fessio
1096 1582 1253 1614 venatur
1280 1578 1588 1616 circumstantias
1614 1590 1745 1626 pecca—

110 1624 250 1669 nentis,
272 1630 309 1660 et
328 1624 477 1669 dicitur,
497 1636 518 1661 a
536 1622 629 1670 δέκα,
650 1626 750 1672 quod
774 1638 894 1672 grcece
929 1639 932 1665 ι
963 1629 1087 1662 torum
1112 1637 1120 1669 ;
1164 1626 1212 1662 ad
1258 1637 1362 1662 mare
1408 1631 1535 1663 autem
1581 1627 1746 1664 Galilaeae

110 1683 168 1715 est
188 1678 334 1723 decem,
355 1682 392 1714 et
412 1677 523 1723 πόλις,
545 1680 643 1725 quod
663 1683 719 1715 est
740 1679 891 1724 civitas;
929 1668 932 1679 ¹
963 1673 1270 1718 transmigrando
1298 1684 1365 1719 per
1392 1674 1704 1718 satisfactionem,
1726 1686 1748 1711 a

111 1732 147 1762 et
171 1726 284 1771 hujus
310 1726 476 1772 regionis
500 1737 575 1762 una
603 1737 688 1772 pars
716 1730 772 1762 est
796 1727 895 1763 ultra
963 1720 1280 1757 delectationibus
1301 1721 1425 1757 carnis
1445 1722 1493 1758 ad
1512 1733 1627 1768 opera
1643 1722 1748 1758 satis-

111 1773 330 1817 Jordanem,
356 1777 392 1809 et
419 1773 494 1810 alta
516 1773 622 1810 citra.
649 1773 766 1820 Igitur
792 1785 896 1810 mare
963 1768 1140 1811 factoria,
1166 1779 1234 1814 per
1270 1768 1414 1804 medios
1450 1769 1545 1805 fines
1572 1770 1748 1816 Decapo—

112 1820 291 1865 Galilaeae,
313 1822 413 1865 quod
442 1826 497 1857 est
521 1821 676 1867 quidam
700 1821 804 1857 lacus
833 1833 897 1867 per
962 1815 1056 1860 leos,
1075 1815 1311 1852 observando
1333 1815 1476 1852 scilicet
1498 1816 1627 1852 decem
1650 1827 1746 1863 prae—

112 1878 224 1914 quem
245 1868 383 1904 transit
403 1868 581 1905 Jordanis
604 1868 754 1912 fluvius,
777 1869 896 1915 respi-
962 1868 1084 1910 cepta,
1101 1863 1313 1899 COHdUCRUt
1327 1866 1363 1899 16
1381 1862 1496 1899 timffl‘
1511 1868 1548 1900 et
1562 1874 1682 1900 amor·
1699 1867 1746 1900 Εΐ

111 1915 162 1951 cit
176 1917 370 1962 utriusque
387 1916 504 1961 partis
522 1916 688 1963 regionis
705 1917 897 1962 praedictae
961 1912 1236 1957 apprehendens
1271 1921 1350 1946 eum
1386 1913 1503 1953 JeSMS.
1540 1911 1585 1946 de
1622 1912 1745 1956 turba,

111 1963 206 1999 fines
228 1969 264 1998 et
283 1963 480 2000 terminos,
494 1966 541 2000 Et
558 1965 747 1999 adducunt
768 1966 813 2005 ei,
830 1974 898 2010 per
961 1959 1250 2003 seorsum‚mz·sz·t
1260 1959 1398 2002 diyitos
1411 1969 1496 1994 suos
1506 1960 1545 1994 in
1557 1960 1747 1994 auriculas

111 2010 200 2047 fidei
221 2021 297 2046 suae
319 2010 576 2055 devotionem,
597 2011 749 2046 surdum
769 2014 802 2046 et
821 2022 897 2046 mu-
962 2007 1055 2052 ejus,
1072 2010 1105 2042 et
1122 2016 1297 2051 empuens,
1310 2007 1433 2050 tetiqit
1449 2009 1558 2052 sputo
1580 2007 1746 2049 linquam

112 2061 201 2094 tum.
224 2059 305 2093 Non
329 2061 409 2094 erat
439 2058 510 2094 iste
536 2058 622 2094 talis
642 2069 665 2094 a
685 2057 895 2103 nativitate,

112 2116 181 2141 nec
200 2105 247 2141 ab
267 2105 487 2142 infirmitate
508 2105 810 2152 supervenIente,
830 2106 895 2141 sed

112 2163 135 2189 a
155 2152 328 2189 daemone
356 2153 479 2199 ipsum
504 2153 726 2196 obsedeute‚
750 2164 793 2189 ac
817 2154 898 2199 ejus

112 2200 283 2237 auditum
312 2203 349 2236 et
370 2200 561 2246 loquelam
583 2201 838 2247 impediente;
861 2204 899 2237 et

111 2247 151 2284 in
178 2249 259 2294 ipso
292 2249 366 2284 tria
390 2248 572 2285 miracula
593 2251 867 2284 concurrerunt
888 2263 897 2284 ι

115 2294 203 2341 quia
223 2294 374 2331 auditus
398 2300 435 2331 et
460 2296 599 2332 affatus
623 2295 692 2332 suit
718 2297 751 2332 ei
776 2294 900 2331 reddi-

112 2345 186 2387 tus,
206 2346 242 2379 et
255 2353 277 2378 a
291 2343 462 2380 daemone
477 2343 546 2380 suit
563 2343 756 2380 liberatus.
778 2345 824 2379 Et
841 2343 899 2378 cle-

107 2391 358 2437 precabantur
376 2402 468 2435 eum,
490 2396 531 2427 ut
551 2393 714 2437 imponat
737 2391 796 2425 illi
816 2402 896 2425 ma-

112 2448 198 2473 num
227 2437 539 2484 omnipotentem.
566 2449 651 2485 quae
678 2437 900 2474 condiderat

112 2495 197 2521 eum
215 2496 223 2528 ς
244 2485 375 2521 efficax
394 2489 452 2522 est
472 2485 574 2521 enim
596 2496 728 2521 manus
755 2484 893 2520 Christi

113 2532 160 2568 ad
187 2532 424 2569 salvandum.
446 2534 607 2570 Sanatur
634 2543 745 2579 quem
773 2533 896 2579 tangit

113 2580 235 2624 Jesus,
254 2587 408 2616 sanatur
429 2591 539 2626 quem
565 2580 688 2626 tangit
711 2580 895 2623 Salvator,

115 2627 202 2673 quia
214 2627 292 2673 ipse
309 2630 365 2663 est
379 2627 481 2663 salus
493 2632 528 2663 et
542 2630 638 2673 vita;
655 2638 731 2664 non
744 2626 897 2663 aliunde

115 2679 253 2720 quaertt
280 2675 430 2714 herbas.
454 2674 533 2721 ipse
562 2680 618 2711 est
646 2679 682 2711 et
712 2674 894 2715 medicus,

115 2727 152 2757 et
173 2721 373 2758 medicina.
397 2722 544 2768 Tangit,
565 2726 603 2759 et
625 2726 753 2765 sanat,
774 2720 897 2767 respi-

116 2770 178 2814 cit,
189 2773 226 2805 et
241 2769 425 2805 medetur.
440 2770 646 2815 Moraliter,
658 2769 780 2806 omnis
794 2767 897 2805 Chri-

117 2815 164 2852 sti
186 2815 283 2853 actio
299 2819 430 2853 nostra
444 2820 501 2854 est
518 2816 737 2857 instructio;
758 2815 785 2852 si
807 2826 895 2860 ergo
929 2834 933 2860 1

962 2055 1053 2098 ejus.
1081 2052 1251 2089 Christus
1278 2052 1482 2099 aliquando
1514 2053 1661 2089 sanavit
1688 2053 1745 2089 in-

962 2102 1093 2138 firmos
1116 2100 1309 2147 tangendo
1335 2111 1399 2136 eos
1420 2100 1683 2146 corporaliter,
1706 2104 1747 2136 ut

963 2149 1180 2186 ostenderet
1214 2147 1488 2184 humanitatem
1523 2158 1629 2183 suam
1663 2158 1746 2183 esse

963 2195 1115 2233 deitatis
1136 2195 1442 2235 instrumentum,
1464 2195 1553 2241 quia
1574 2205 1642 2241 per
1668 2195 1746 2231 hu-

964 2243 1185 2280 manitatem
1212 2242 1374 2278 faciebat
1399 2242 1583 2278 miracula
1608 2242 1745 2278 instru-

963 2291 1194 2334 mentaliter,
1211 2290 1276 2325 sed
1288 2300 1355 2336 per
1369 2290 1549 2326 deitatem
1565 2289 1747 2336 principa-

964 2339 1061 2375 liter.
1078 2341 1124 2374 Et
1138 2339 1340 2383 suspiciens
1357 2340 1397 2373 in
1412 2339 1537 2373 coelum
1552 2339 1745 2381 inqemuit,

963 2398 1008 2423 ex
1039 2384 1314 2432 compassione,
1339 2388 1379 2421 ut
1410 2395 1584 2429 quaerens
1618 2395 1640 2420 a
1670 2385 1747 2420 Deo

964 2433 1158 2478 auxilium,
1176 2432 1396 2468 ostenderet
1418 2442 1457 2468 se
1480 2442 1607 2468 verum
1630 2431 1749 2466 homi-

963 2492 1070 2525 nem;
1094 2485 1127 2517 et
1148 2482 1202 2516 ait
1222 2481 1283 2515 illc·
1299 2492 1309 2515 .·
1325 2481 1559 2526 Ερήρὴεεὴα,
1578 2479 1676 2524 quod
1697 2482 1749 2513 est

963 2529 1173 2574 adaperire,
1214 2527 1355 2564 scilicet
1392 2531 1468 2563 tarn
1509 2526 1546 2562 in
1590 2524 1750 2560 vinculis

963 2576 1125 2622 aurium,
1148 2586 1262 2622 quam
1290 2574 1329 2610 in
1350 2573 1508 2610 vinculis
1531 2573 1688 2618 linguae,
1709 2577 1749 2607 ut

963 2623 1096 2661 audias
1123 2626 1159 2659 et
1191 2621 1358 2668 loquaris
1392 2621 1573 2668 persecte.
1601 2622 1640 2654 ln
1673 2630 1747 2664 quo

964 2671 1128 2708 ostendit
1139 2681 1178 2707 se
1191 2681 1273 2706 esse
1286 2679 1415 2705 verum
1433 2669 1566 2711 Deum,
1580 2666 1748 2702 curando

963 2730 1032 2767 per
1060 2717 1273 2766 imperium.
1297 2718 1345 2753 Ει
1370 2717 1442 2751 hoc
1470 2725 1544 2750 uno
1572 2723 1747 2749 sermone

965 2766 1111 2803 curavit
1143 2765 1264 2811 illum,
1302 2762 1392 2810 quia
1422 2763 1549 2798 statim
1585 2760 1636 2813 ad
1667 2760 1748 2806 ejus

967 2813 1184 2861 imperium,
1207 2815 1341 2859 apertae
1365 2813 1451 2845 sunt
1470 2818 1575 2845 aures
1601 2818 1692 2852 effug,
1717 2810 1750 2842 et
