<?xml version="1.0" encoding="UTF-8"?>
<!DOCTYPE html PUBLIC "-//W3C//DTD XHTML 1.0 Transitional//EN"
    "http://www.w3.org/TR/xhtml1/DTD/xhtml1-transitional.dtd">
<html xmlns="http://www.w3.org/1999/xhtml" xml:lang="en" lang="en">
 <head>
  <title>
</title>
<meta http-equiv="Content-Type" content="text/html;charset=utf-8" />
  <meta name='ocr-system' content='tesseract 3.04.00' />
  <meta name='ocr-capabilities' content='ocr_page ocr_carea ocr_par ocr_line ocrx_word'/>
</head>
<body>
  <div class='ocr_page' id='page_1' title='image "./vitajesuchristie02ludouoft_0135.png"; bbox 0 0 1894 3186; ppageno 0'>
   <div class='ocr_carea' id='block_1_1' title="bbox 565 154 1709 211">
    <p class='ocr_par' dir='ltr' id='par_1_1' title="bbox 565 154 1709 211">
     <span class='ocr_line' id='line_1_1' title="bbox 565 154 1709 211; baseline 0.001 -2"><span class='ocrx_word' id='word_1_1' title='bbox 565 177 617 209; x_wconf 71' lang='lat' dir='ltr'>ni:</span> <span class='ocrx_word' id='word_1_2' title='bbox 657 175 858 210; x_wconf 62' lang='lat' dir='ltr'>Mt&#39;Llleltss</span> <span class='ocrx_word' id='word_1_3' title='bbox 897 154 1204 209; x_wconf 50' lang='lat' dir='ltr'>sintiiirixi.</span> <span class='ocrx_word' id='word_1_4' title='bbox 1657 180 1709 211; x_wconf 58' lang='grc' dir='ltr'>νη</span> 
     </span>
    </p>
   </div>
   <div class='ocr_carea' id='block_1_2' title="bbox 64 247 864 2840">
    <p class='ocr_par' dir='ltr' id='par_1_2' title="bbox 64 247 861 1559">
     <span class='ocr_line' id='line_1_2' title="bbox 64 247 848 294; baseline -0.009 -5"><span class='ocrx_word' id='word_1_5' title='bbox 64 255 202 289; x_wconf 80' lang='lat' dir='ltr'>stomus</span> <span class='ocrx_word' id='word_1_6' title='bbox 219 262 226 286; x_wconf 90' lang='lat'>:</span> <span class='ocrx_word' id='word_1_7' title='bbox 248 263 264 283; x_wconf 85' lang='lat'>«</span> <span class='ocrx_word' id='word_1_8' title='bbox 283 249 386 286; x_wconf 80' lang='lat' dir='ltr'>Sicut</span> <span class='ocrx_word' id='word_1_9' title='bbox 405 247 569 294; x_wconf 72' lang='lat' dir='ltr'>Apostoli</span> <span class='ocrx_word' id='word_1_10' title='bbox 591 247 709 283; x_wconf 71' lang='lat' dir='ltr'>vorati</span> <span class='ocrx_word' id='word_1_11' title='bbox 725 248 848 283; x_wconf 82' lang='lat' dir='ltr'>‹limit-</span> 
     </span>
     <span class='ocr_line' id='line_1_3' title="bbox 69 294 850 345; baseline -0.008 -10"><span class='ocrx_word' id='word_1_12' title='bbox 69 299 112 335; x_wconf 82' lang='lat' dir='ltr'>tit</span> <span class='ocrx_word' id='word_1_13' title='bbox 133 298 318 345; x_wconf 72' lang='lat' dir='ltr'>hydriam,</span> <span class='ocrx_word' id='word_1_14' title='bbox 343 300 377 331; x_wconf 91' lang='lat' dir='ltr'>et</span> <span class='ocrx_word' id='word_1_15' title='bbox 396 294 725 340; x_wconf 81' lang='lat' dir='ltr'>Evangelistarnm</span> <span class='ocrx_word' id='word_1_16' title='bbox 755 305 850 341; x_wconf 83' lang='lat' dir='ltr'>opus</span> 
     </span>
     <span class='ocr_line' id='line_1_4' title="bbox 66 342 850 391; baseline -0.008 -8"><span class='ocrx_word' id='word_1_17' title='bbox 66 346 153 383; x_wconf 82' lang='lat' dir='ltr'>facit</span> <span class='ocrx_word' id='word_1_18' title='bbox 170 358 179 391; x_wconf 94' lang='lat'>;</span> <span class='ocrx_word' id='word_1_19' title='bbox 203 349 240 382; x_wconf 87' lang='lat' dir='ltr'>et</span> <span class='ocrx_word' id='word_1_20' title='bbox 261 355 337 381; x_wconf 87' lang='lat' dir='ltr'>nou</span> <span class='ocrx_word' id='word_1_21' title='bbox 352 352 468 379; x_wconf 91' lang='lat' dir='ltr'>unum</span> <span class='ocrx_word' id='word_1_22' title='bbox 484 345 629 377; x_wconf 84' lang='lat' dir='ltr'>tantum</span> <span class='ocrx_word' id='word_1_23' title='bbox 645 345 765 386; x_wconf 72' lang='lat' dir='ltr'>vorat,</span> <span class='ocrx_word' id='word_1_24' title='bbox 785 342 850 377; x_wconf 86' lang='lat' dir='ltr'>sod</span> 
     </span>
     <span class='ocr_line' id='line_1_5' title="bbox 67 389 851 437; baseline -0.008 -7"><span class='ocrx_word' id='word_1_25' title='bbox 67 393 257 430; x_wconf 84' lang='lat' dir='ltr'>civitatem</span> <span class='ocrx_word' id='word_1_26' title='bbox 292 392 493 437; x_wconf 75' lang='lat' dir='ltr'>mtegram.</span> <span class='ocrx_word' id='word_1_27' title='bbox 533 402 550 422; x_wconf 88' lang='lat'>»</span> <span class='ocrx_word' id='word_1_28' title='bbox 581 389 685 424; x_wconf 84' lang='lat' dir='ltr'>Unde</span> <span class='ocrx_word' id='word_1_29' title='bbox 718 392 754 425; x_wconf 89' lang='lat' dir='ltr'>et</span> <span class='ocrx_word' id='word_1_30' title='bbox 775 391 851 425; x_wconf 82' lang='lat' dir='ltr'>Au-</span> 
     </span>
     <span class='ocr_line' id='line_1_6' title="bbox 67 436 853 485; baseline -0.008 -8"><span class='ocrx_word' id='word_1_31' title='bbox 67 443 237 485; x_wconf 69' lang='lat' dir='ltr'>qustinus</span> <span class='ocrx_word' id='word_1_32' title='bbox 278 452 288 474; x_wconf 92' lang='lat'><strong>:</strong></span> <span class='ocrx_word' id='word_1_33' title='bbox 331 454 347 469; x_wconf 92' lang='lat'>«</span> <span class='ocrx_word' id='word_1_34' title='bbox 388 436 592 483; x_wconf 74' lang='lat' dir='ltr'>Oportebat</span> <span class='ocrx_word' id='word_1_35' title='bbox 628 440 769 477; x_wconf 76' lang='lat' dir='ltr'>autem,</span> <span class='ocrx_word' id='word_1_36' title='bbox 812 440 853 472; x_wconf 89' lang='lat' dir='ltr'>ut</span> 
     </span>
     <span class='ocr_line' id='line_1_7' title="bbox 69 484 850 528; baseline -0.009 -4"><span class='ocrx_word' id='word_1_37' title='bbox 69 487 218 524; x_wconf 87' lang='lat' dir='ltr'>Christo</span> <span class='ocrx_word' id='word_1_38' title='bbox 241 485 414 528; x_wconf 88' lang='lat' dir='ltr'>credens,</span> <span class='ocrx_word' id='word_1_39' title='bbox 438 484 562 520; x_wconf 88' lang='lat' dir='ltr'>seculo</span> <span class='ocrx_word' id='word_1_40' title='bbox 590 484 850 527; x_wconf 58' lang='lat' dir='ltr'>renuntiz‘net3</span> 
     </span>
     <span class='ocr_line' id='line_1_8' title="bbox 67 530 852 580; baseline -0.009 -8"><span class='ocrx_word' id='word_1_41' title='bbox 67 539 118 580; x_wconf 84' lang='lat' dir='ltr'>et,</span> <span class='ocrx_word' id='word_1_42' title='bbox 140 534 273 571; x_wconf 87' lang='lat' dir='ltr'>relicta</span> <span class='ocrx_word' id='word_1_43' title='bbox 294 533 441 578; x_wconf 79' lang='lat' dir='ltr'>hydria,</span> <span class='ocrx_word' id='word_1_44' title='bbox 464 530 708 578; x_wconf 69' lang='lat' dir='ltr'>cupiditatem</span> <span class='ocrx_word' id='word_1_45' title='bbox 741 541 852 566; x_wconf 78' lang='lat' dir='ltr'>secu-</span> 
     </span>
     <span class='ocr_line' id='line_1_9' title="bbox 70 578 851 625; baseline -0.006 -7"><span class='ocrx_word' id='word_1_46' title='bbox 70 583 187 618; x_wconf 87' lang='lat' dir='ltr'>larem</span> <span class='ocrx_word' id='word_1_47' title='bbox 230 592 269 617; x_wconf 88' lang='lat' dir='ltr'>se</span> <span class='ocrx_word' id='word_1_48' title='bbox 313 578 511 625; x_wconf 75' lang='lat' dir='ltr'>reliquisse</span> <span class='ocrx_word' id='word_1_49' title='bbox 560 578 851 614; x_wconf 76' lang='lat' dir='ltr'>domonstraret.</span> 
     </span>
     <span class='ocr_line' id='line_1_10' title="bbox 68 625 854 675; baseline -0.006 -10"><span class='ocrx_word' id='word_1_50' title='bbox 68 627 233 675; x_wconf 78' lang='lat' dir='ltr'>projecit</span> <span class='ocrx_word' id='word_1_51' title='bbox 257 638 345 673; x_wconf 76' lang='lat' dir='ltr'>ergo</span> <span class='ocrx_word' id='word_1_52' title='bbox 378 625 635 672; x_wconf 75' lang='lat' dir='ltr'>cupiditatem,</span> <span class='ocrx_word' id='word_1_53' title='bbox 658 628 696 661; x_wconf 83' lang='lat' dir='ltr'>et</span> <span class='ocrx_word' id='word_1_54' title='bbox 724 636 854 671; x_wconf 79' lang='lat' dir='ltr'>prope-</span> 
     </span>
     <span class='ocr_line' id='line_1_11' title="bbox 69 672 855 712; baseline -0.006 0"><span class='ocrx_word' id='word_1_55' title='bbox 69 676 165 712; x_wconf 84' lang='lat' dir='ltr'>ravit</span> <span class='ocrx_word' id='word_1_56' title='bbox 195 674 421 711; x_wconf 86' lang='lat' dir='ltr'>annuntiare</span> <span class='ocrx_word' id='word_1_57' title='bbox 456 672 665 708; x_wconf 78' lang='lat' dir='ltr'>veritatem.</span> <span class='ocrx_word' id='word_1_58' title='bbox 703 673 855 707; x_wconf 76' lang='lat' dir='ltr'>Discant</span> 
     </span>
     <span class='ocr_line' id='line_1_12' title="bbox 69 720 855 770; baseline -0.006 -11"><span class='ocrx_word' id='word_1_59' title='bbox 69 734 159 770; x_wconf 83' lang='lat' dir='ltr'>ergo</span> <span class='ocrx_word' id='word_1_60' title='bbox 177 723 240 769; x_wconf 89' lang='lat' dir='ltr'>qui</span> <span class='ocrx_word' id='word_1_61' title='bbox 258 722 387 758; x_wconf 85' lang='lat' dir='ltr'>volunt</span> <span class='ocrx_word' id='word_1_62' title='bbox 402 720 674 766; x_wconf 73' lang='lat' dir='ltr'>evangelizare,</span> <span class='ocrx_word' id='word_1_63' title='bbox 696 723 734 755; x_wconf 89' lang='lat' dir='ltr'>ut</span> <span class='ocrx_word' id='word_1_64' title='bbox 752 720 855 765; x_wconf 86' lang='lat' dir='ltr'>prius</span> 
     </span>
     <span class='ocr_line' id='line_1_13' title="bbox 69 766 853 816; baseline -0.009 -10"><span class='ocrx_word' id='word_1_65' title='bbox 69 770 243 816; x_wconf 77' lang='lat' dir='ltr'>hydriam</span> <span class='ocrx_word' id='word_1_66' title='bbox 283 769 331 805; x_wconf 85' lang='lat' dir='ltr'>ad</span> <span class='ocrx_word' id='word_1_67' title='bbox 370 771 525 814; x_wconf 87' lang='lat' dir='ltr'>puteum</span> <span class='ocrx_word' id='word_1_68' title='bbox 566 766 768 814; x_wconf 81' lang='lat' dir='ltr'>projiciant</span> <span class='ocrx_word' id='word_1_69' title='bbox 797 778 804 801; x_wconf 79' lang='lat' dir='ltr'>z</span> <span class='ocrx_word' id='word_1_70' title='bbox 836 780 853 797; x_wconf 63' lang='grc' dir='ltr'>η</span> 
     </span>
     <span class='ocr_line' id='line_1_14' title="bbox 71 817 857 860; baseline -0.005 -7"><span class='ocrx_word' id='word_1_71' title='bbox 71 819 152 854; x_wconf 86' lang='lat' dir='ltr'>haec</span> <span class='ocrx_word' id='word_1_72' title='bbox 176 818 422 860; x_wconf 57' lang='lat' dir='ltr'>Augustinus.</span> <span class='ocrx_word' id='word_1_73' title='bbox 464 817 571 859; x_wconf 85' lang='lat' dir='ltr'>Item,</span> <span class='ocrx_word' id='word_1_74' title='bbox 599 825 641 850; x_wconf 82' lang='lat' dir='ltr'>ex</span> <span class='ocrx_word' id='word_1_75' title='bbox 677 825 720 850; x_wconf 87' lang='lat' dir='ltr'>eo</span> <span class='ocrx_word' id='word_1_76' title='bbox 753 817 857 860; x_wconf 75' lang='lat' dir='ltr'>patet</span> 
     </span>
     <span class='ocr_line' id='line_1_15' title="bbox 71 861 857 907; baseline -0.006 -7"><span class='ocrx_word' id='word_1_77' title='bbox 71 864 241 901; x_wconf 88' lang='lat' dir='ltr'>mulieris</span> <span class='ocrx_word' id='word_1_78' title='bbox 273 862 436 905; x_wconf 79' lang='lat' dir='ltr'>devotio,</span> <span class='ocrx_word' id='word_1_79' title='bbox 471 861 561 907; x_wconf 81' lang='lat' dir='ltr'>qnia</span> <span class='ocrx_word' id='word_1_80' title='bbox 592 872 668 898; x_wconf 89' lang='lat' dir='ltr'>nou</span> <span class='ocrx_word' id='word_1_81' title='bbox 705 864 857 897; x_wconf 80' lang='lat' dir='ltr'>veretur</span> 
     </span>
     <span class='ocr_line' id='line_1_16' title="bbox 71 908 857 955; baseline -0.006 -7"><span class='ocrx_word' id='word_1_82' title='bbox 71 912 179 948; x_wconf 85' lang='lat' dir='ltr'>fateri</span> <span class='ocrx_word' id='word_1_83' title='bbox 196 921 301 947; x_wconf 89' lang='lat' dir='ltr'>suam</span> <span class='ocrx_word' id='word_1_84' title='bbox 322 909 605 955; x_wconf 75' lang='lat' dir='ltr'>turpitudinem,</span> <span class='ocrx_word' id='word_1_85' title='bbox 628 912 668 944; x_wconf 84' lang='lat' dir='ltr'>ut</span> <span class='ocrx_word' id='word_1_86' title='bbox 684 908 857 944; x_wconf 69' lang='lat' dir='ltr'>concives</span> 
     </span>
     <span class='ocr_line' id='line_1_17' title="bbox 72 955 854 1002; baseline -0.006 -7"><span class='ocrx_word' id='word_1_87' title='bbox 72 959 237 995; x_wconf 86' lang='lat' dir='ltr'>adducat</span> <span class='ocrx_word' id='word_1_88' title='bbox 275 957 323 993; x_wconf 87' lang='lat' dir='ltr'>ad</span> <span class='ocrx_word' id='word_1_89' title='bbox 359 956 497 992; x_wconf 76' lang='lat' dir='ltr'>Christi</span> <span class='ocrx_word' id='word_1_90' title='bbox 530 955 854 1002; x_wconf 65' lang='lat' dir='ltr'>praedicationem.</span> 
     </span>
     <span class='ocr_line' id='line_1_18' title="bbox 72 1004 856 1049; baseline -0.006 -7"><span class='ocrx_word' id='word_1_91' title='bbox 72 1006 177 1042; x_wconf 83' lang='lat' dir='ltr'>Unde</span> <span class='ocrx_word' id='word_1_92' title='bbox 199 1007 472 1049; x_wconf 70' lang='lat' dir='ltr'>chrysostomus</span> <span class='ocrx_word' id='word_1_93' title='bbox 495 1016 504 1038; x_wconf 91' lang='lat'>:</span> <span class='ocrx_word' id='word_1_94' title='bbox 530 1016 546 1037; x_wconf 84' lang='lat'>&lt;‹</span> <span class='ocrx_word' id='word_1_95' title='bbox 569 1004 650 1038; x_wconf 86' lang='lat' dir='ltr'>Non</span> <span class='ocrx_word' id='word_1_96' title='bbox 676 1014 856 1038; x_wconf 77' lang='lat' dir='ltr'>verecun-</span> 
     </span>
     <span class='ocr_line' id='line_1_19' title="bbox 73 1049 858 1093; baseline -0.006 -4"><span class='ocrx_word' id='word_1_97' title='bbox 73 1053 163 1089; x_wconf 84' lang='lat' dir='ltr'>data</span> <span class='ocrx_word' id='word_1_98' title='bbox 198 1054 323 1088; x_wconf 87' lang='lat' dir='ltr'>autem</span> <span class='ocrx_word' id='word_1_99' title='bbox 367 1054 425 1087; x_wconf 84' lang='lat' dir='ltr'>est</span> <span class='ocrx_word' id='word_1_100' title='bbox 456 1051 527 1086; x_wconf 89' lang='lat' dir='ltr'>hoc</span> <span class='ocrx_word' id='word_1_101' title='bbox 560 1050 708 1093; x_wconf 68' lang='lat' dir='ltr'>dicero,</span> <span class='ocrx_word' id='word_1_102' title='bbox 732 1049 858 1085; x_wconf 81' lang='lat' dir='ltr'>anima</span> 
     </span>
     <span class='ocr_line' id='line_1_20' title="bbox 73 1096 854 1144; baseline -0.004 -8"><span class='ocrx_word' id='word_1_103' title='bbox 73 1100 177 1136; x_wconf 89' lang='lat' dir='ltr'>enim</span> <span class='ocrx_word' id='word_1_104' title='bbox 213 1109 297 1135; x_wconf 86' lang='lat' dir='ltr'>cum</span> <span class='ocrx_word' id='word_1_105' title='bbox 331 1098 450 1144; x_wconf 83' lang='lat' dir='ltr'>ignita</span> <span class='ocrx_word' id='word_1_106' title='bbox 473 1097 585 1133; x_wconf 82' lang='lat' dir='ltr'>suerit</span> <span class='ocrx_word' id='word_1_107' title='bbox 609 1096 694 1141; x_wconf 81' lang='lat' dir='ltr'>igne</span> <span class='ocrx_word' id='word_1_108' title='bbox 716 1096 854 1140; x_wconf 73' lang='lat' dir='ltr'>divino,</span> 
     </span>
     <span class='ocr_line' id='line_1_21' title="bbox 74 1144 856 1190; baseline -0.006 -7"><span class='ocrx_word' id='word_1_109' title='bbox 74 1147 121 1183; x_wconf 87' lang='lat' dir='ltr'>ad</span> <span class='ocrx_word' id='word_1_110' title='bbox 143 1146 241 1182; x_wconf 89' lang='lat' dir='ltr'>nihil</span> <span class='ocrx_word' id='word_1_111' title='bbox 263 1156 394 1181; x_wconf 87' lang='lat' dir='ltr'>eorum</span> <span class='ocrx_word' id='word_1_112' title='bbox 417 1156 501 1190; x_wconf 79' lang='lat' dir='ltr'>quae</span> <span class='ocrx_word' id='word_1_113' title='bbox 524 1147 609 1179; x_wconf 85' lang='lat' dir='ltr'>sunt</span> <span class='ocrx_word' id='word_1_114' title='bbox 630 1145 668 1179; x_wconf 91' lang='lat' dir='ltr'>in</span> <span class='ocrx_word' id='word_1_115' title='bbox 690 1147 792 1179; x_wconf 74' lang='lat' dir='ltr'>terra</span> <span class='ocrx_word' id='word_1_116' title='bbox 811 1144 856 1179; x_wconf 88' lang='lat' dir='ltr'>de</span> 
     </span>
     <span class='ocr_line' id='line_1_22' title="bbox 72 1190 856 1239; baseline -0.006 -9"><span class='ocrx_word' id='word_1_117' title='bbox 72 1193 217 1239; x_wconf 82' lang='lat' dir='ltr'>reliquo</span> <span class='ocrx_word' id='word_1_118' title='bbox 254 1192 416 1238; x_wconf 77' lang='lat' dir='ltr'>inspicit,</span> <span class='ocrx_word' id='word_1_119' title='bbox 452 1202 573 1237; x_wconf 78' lang='lat' dir='ltr'>neque</span> <span class='ocrx_word' id='word_1_120' title='bbox 608 1191 656 1226; x_wconf 89' lang='lat' dir='ltr'>ad</span> <span class='ocrx_word' id='word_1_121' title='bbox 682 1190 856 1236; x_wconf 76' lang='lat' dir='ltr'>gloriam,</span> 
     </span>
     <span class='ocr_line' id='line_1_23' title="bbox 77 1237 858 1286; baseline -0.006 -9"><span class='ocrx_word' id='word_1_122' title='bbox 77 1251 200 1286; x_wconf 87' lang='lat' dir='ltr'>neque</span> <span class='ocrx_word' id='word_1_123' title='bbox 224 1240 271 1276; x_wconf 87' lang='lat' dir='ltr'>ad</span> <span class='ocrx_word' id='word_1_124' title='bbox 292 1238 572 1282; x_wconf 63' lang='lat' dir='ltr'>verecundiam,</span> <span class='ocrx_word' id='word_1_125' title='bbox 591 1238 655 1274; x_wconf 88' lang='lat' dir='ltr'>sed</span> <span class='ocrx_word' id='word_1_126' title='bbox 683 1238 729 1273; x_wconf 89' lang='lat' dir='ltr'>ad</span> <span class='ocrx_word' id='word_1_127' title='bbox 757 1237 858 1273; x_wconf 86' lang='lat' dir='ltr'>illam</span> 
     </span>
     <span class='ocr_line' id='line_1_24' title="bbox 75 1286 855 1333; baseline -0.006 -9"><span class='ocrx_word' id='word_1_128' title='bbox 75 1288 198 1324; x_wconf 89' lang='lat' dir='ltr'>solum</span> <span class='ocrx_word' id='word_1_129' title='bbox 220 1298 304 1333; x_wconf 65' lang='lat' dir='ltr'>quae</span> <span class='ocrx_word' id='word_1_130' title='bbox 332 1286 476 1322; x_wconf 79' lang='lat' dir='ltr'>detinet</span> <span class='ocrx_word' id='word_1_131' title='bbox 509 1295 591 1320; x_wconf 81' lang='lat' dir='ltr'>eam</span> <span class='ocrx_word' id='word_1_132' title='bbox 623 1286 816 1321; x_wconf 84' lang='lat' dir='ltr'>flamman.</span> <span class='ocrx_word' id='word_1_133' title='bbox 838 1298 855 1315; x_wconf 74' lang='lat' dir='ltr'>n</span> 
     </span>
     <span class='ocr_line' id='line_1_25' title="bbox 74 1331 860 1377; baseline -0.006 -6"><span class='ocrx_word' id='word_1_134' title='bbox 74 1337 119 1371; x_wconf 90' lang='lat' dir='ltr'>Et</span> <span class='ocrx_word' id='word_1_135' title='bbox 135 1334 302 1371; x_wconf 85' lang='lat' dir='ltr'>dicebat:</span> <span class='ocrx_word' id='word_1_136' title='bbox 316 1333 506 1377; x_wconf 72' lang='lat' dir='ltr'>Numquid</span> <span class='ocrx_word' id='word_1_137' title='bbox 518 1334 594 1377; x_wconf 73' lang='lat' dir='ltr'>ipse</span> <span class='ocrx_word' id='word_1_138' title='bbox 605 1336 656 1368; x_wconf 75' lang='lat' dir='ltr'>esc</span> <span class='ocrx_word' id='word_1_139' title='bbox 667 1333 831 1368; x_wconf 71' lang='lat' dir='ltr'>Christus</span> <span class='ocrx_word' id='word_1_140' title='bbox 843 1331 860 1366; x_wconf 60' lang='lat'>⁵?</span> 
     </span>
     <span class='ocr_line' id='line_1_26' title="bbox 72 1379 860 1426; baseline -0.005 -8"><span class='ocrx_word' id='word_1_141' title='bbox 72 1381 187 1426; x_wconf 89' lang='lat' dir='ltr'>Quasi</span> <span class='ocrx_word' id='word_1_142' title='bbox 223 1380 323 1417; x_wconf 87' lang='lat' dir='ltr'>dicat</span> <span class='ocrx_word' id='word_1_143' title='bbox 357 1391 365 1416; x_wconf 89' lang='lat'>:</span> <span class='ocrx_word' id='word_1_144' title='bbox 401 1380 460 1417; x_wconf 82' lang='lat' dir='ltr'>Sic</span> <span class='ocrx_word' id='word_1_145' title='bbox 486 1379 633 1415; x_wconf 82' lang='lat' dir='ltr'>videtur</span> <span class='ocrx_word' id='word_1_146' title='bbox 669 1389 736 1425; x_wconf 89' lang='lat' dir='ltr'>per</span> <span class='ocrx_word' id='word_1_147' title='bbox 767 1380 860 1414; x_wconf 79' lang='lat' dir='ltr'>eti&#39;e-</span> 
     </span>
     <span class='ocr_line' id='line_1_27' title="bbox 78 1426 861 1474; baseline -0.005 -9"><span class='ocrx_word' id='word_1_148' title='bbox 78 1433 198 1474; x_wconf 73' lang='lat' dir='ltr'>ctum,</span> <span class='ocrx_word' id='word_1_149' title='bbox 220 1428 369 1464; x_wconf 77' lang='lat' dir='ltr'>videtur</span> <span class='ocrx_word' id='word_1_150' title='bbox 385 1427 483 1463; x_wconf 88' lang='lat' dir='ltr'>enim</span> <span class='ocrx_word' id='word_1_151' title='bbox 495 1426 616 1472; x_wconf 80' lang='lat' dir='ltr'>magis</span> <span class='ocrx_word' id='word_1_152' title='bbox 636 1427 734 1462; x_wconf 87' lang='lat' dir='ltr'>Deus</span> <span class='ocrx_word' id='word_1_153' title='bbox 748 1435 861 1472; x_wconf 83' lang='lat' dir='ltr'>quam</span> 
     </span>
     <span class='ocr_line' id='line_1_28' title="bbox 73 1472 860 1521; baseline -0.004 -9"><span class='ocrx_word' id='word_1_154' title='bbox 73 1477 186 1512; x_wconf 88' lang='lat' dir='ltr'>homo</span> <span class='ocrx_word' id='word_1_155' title='bbox 205 1487 213 1512; x_wconf 90' lang='lat'>:</span> <span class='ocrx_word' id='word_1_156' title='bbox 238 1474 327 1521; x_wconf 84' lang='lat' dir='ltr'>quia</span> <span class='ocrx_word' id='word_1_157' title='bbox 344 1475 444 1511; x_wconf 85' lang='lat' dir='ltr'>solus</span> <span class='ocrx_word' id='word_1_158' title='bbox 466 1475 564 1510; x_wconf 87' lang='lat' dir='ltr'>Deus</span> <span class='ocrx_word' id='word_1_159' title='bbox 590 1473 695 1510; x_wconf 90' lang='lat' dir='ltr'>novit</span> <span class='ocrx_word' id='word_1_160' title='bbox 718 1472 860 1519; x_wconf 84' lang='lat' dir='ltr'>cogita-</span> 
     </span>
     <span class='ocr_line' id='line_1_29' title="bbox 74 1521 659 1559; baseline -0.005 0"><span class='ocrx_word' id='word_1_161' title='bbox 74 1523 201 1559; x_wconf 86' lang='lat' dir='ltr'>tiones</span> <span class='ocrx_word' id='word_1_162' title='bbox 228 1527 266 1559; x_wconf 86' lang='lat' dir='ltr'>et</span> <span class='ocrx_word' id='word_1_163' title='bbox 283 1525 429 1558; x_wconf 82' lang='lat' dir='ltr'>secreta</span> <span class='ocrx_word' id='word_1_164' title='bbox 448 1521 659 1557; x_wconf 87' lang='lat' dir='ltr'>hominum.</span> 
     </span>
    </p>

    <p class='ocr_par' dir='ltr' id='par_1_3' title="bbox 74 1569 864 2840">
     <span class='ocr_line' id='line_1_30' title="bbox 123 1569 864 1606; baseline -0.005 0"><span class='ocrx_word' id='word_1_165' title='bbox 123 1573 143 1606; x_wconf 89' lang='grc'>8</span> <span class='ocrx_word' id='word_1_166' title='bbox 160 1571 324 1606; x_wconf 67' lang='lat' dir='ltr'>Domxrss</span> <span class='ocrx_word' id='word_1_167' title='bbox 342 1569 595 1605; x_wconf 66' lang='lat' dir='ltr'>SAMARITANAM</span> <span class='ocrx_word' id='word_1_168' title='bbox 619 1579 660 1603; x_wconf 78' lang='lat' dir='ltr'>ET</span> <span class='ocrx_word' id='word_1_169' title='bbox 675 1579 741 1603; x_wconf 74' lang='lat' dir='ltr'>Nos</span> <span class='ocrx_word' id='word_1_170' title='bbox 762 1579 797 1603; x_wconf 71' lang='lat' dir='ltr'>m</span> <span class='ocrx_word' id='word_1_171' title='bbox 819 1578 864 1602; x_wconf 77' lang='lat' dir='ltr'>EA</span> 
     </span>
     <span class='ocr_line' id='line_1_31' title="bbox 74 1626 864 1660; baseline -0.005 -7"><span class='ocrx_word' id='word_1_172' title='bbox 74 1629 119 1654; x_wconf 71' lang='lat' dir='ltr'>An</span> <span class='ocrx_word' id='word_1_173' title='bbox 146 1628 228 1653; x_wconf 67' lang='lat' dir='ltr'>TmA</span> <span class='ocrx_word' id='word_1_174' title='bbox 250 1627 403 1660; x_wconf 65' lang='lat' dir='ltr'>mnrcrr,</span> <span class='ocrx_word' id='word_1_175' title='bbox 433 1626 583 1651; x_wconf 66' lang='lat' dir='ltr'>seiricnr</span> <span class='ocrx_word' id='word_1_176' title='bbox 613 1626 620 1650; x_wconf 91' lang='lat'>:</span> <span class='ocrx_word' id='word_1_177' title='bbox 649 1627 693 1650; x_wconf 68' lang='lat' dir='ltr'>AD</span> <span class='ocrx_word' id='word_1_178' title='bbox 719 1626 864 1650; x_wconf 66' lang='lat' dir='ltr'>Annium</span> 
     </span>
     <span class='ocr_line' id='line_1_32' title="bbox 76 1664 864 1706; baseline -0.005 -6"><span class='ocrx_word' id='word_1_179' title='bbox 76 1676 187 1700; x_wconf 58' lang='lat' dir='ltr'>mxx-nr</span> <span class='ocrx_word' id='word_1_180' title='bbox 211 1674 509 1706; x_wconf 60' lang='lat' dir='ltr'>coxrnnxnxnmi,</span> <span class='ocrx_word' id='word_1_181' title='bbox 524 1664 626 1697; x_wconf 65' lang='lat' dir='ltr'>Distu</span> <span class='ocrx_word' id='word_1_182' title='bbox 646 1673 864 1697; x_wconf 65' lang='lat' dir='ltr'>nmonxnmi</span> 
     </span>
     <span class='ocr_line' id='line_1_33' title="bbox 77 1710 864 1751; baseline -0.004 -4"><span class='ocrx_word' id='word_1_183' title='bbox 77 1712 330 1751; x_wconf 70' lang='lat' dir='ltr'>Cunisrrnonn</span> <span class='ocrx_word' id='word_1_184' title='bbox 368 1721 660 1745; x_wconf 59' lang='lat' dir='ltr'>coexoscnxnrn.</span> <span class='ocrx_word' id='word_1_185' title='bbox 695 1731 738 1736; x_wconf 92' lang='lat'>--</span> <span class='ocrx_word' id='word_1_186' title='bbox 769 1710 864 1744; x_wconf 85' lang='lat' dir='ltr'>Nota</span> 
     </span>
     <span class='ocr_line' id='line_1_34' title="bbox 77 1756 863 1804; baseline -0.004 -10"><span class='ocrx_word' id='word_1_187' title='bbox 77 1759 139 1794; x_wconf 87' lang='lat' dir='ltr'>hic</span> <span class='ocrx_word' id='word_1_188' title='bbox 161 1759 261 1804; x_wconf 83' lang='lat' dir='ltr'>quod</span> <span class='ocrx_word' id='word_1_189' title='bbox 282 1757 454 1793; x_wconf 86' lang='lat' dir='ltr'>Christus</span> <span class='ocrx_word' id='word_1_190' title='bbox 476 1758 575 1792; x_wconf 87' lang='lat' dir='ltr'>hanc</span> <span class='ocrx_word' id='word_1_191' title='bbox 602 1756 799 1792; x_wconf 86' lang='lat' dir='ltr'>mulierem</span> <span class='ocrx_word' id='word_1_192' title='bbox 827 1758 863 1791; x_wconf 86' lang='lat' dir='ltr'>et</span> 
     </span>
     <span class='ocr_line' id='line_1_35' title="bbox 76 1803 863 1848; baseline -0.004 -7"><span class='ocrx_word' id='word_1_193' title='bbox 76 1816 145 1841; x_wconf 87' lang='lat' dir='ltr'>nos</span> <span class='ocrx_word' id='word_1_194' title='bbox 165 1805 205 1841; x_wconf 90' lang='lat' dir='ltr'>in</span> <span class='ocrx_word' id='word_1_195' title='bbox 231 1815 289 1848; x_wconf 90' lang='lat' dir='ltr'>ea,</span> <span class='ocrx_word' id='word_1_196' title='bbox 317 1804 365 1840; x_wconf 87' lang='lat' dir='ltr'>ad</span> <span class='ocrx_word' id='word_1_197' title='bbox 386 1804 458 1840; x_wconf 86' lang='lat' dir='ltr'>tria</span> <span class='ocrx_word' id='word_1_198' title='bbox 484 1803 642 1839; x_wconf 77' lang='lat' dir='ltr'>induxit.</span> <span class='ocrx_word' id='word_1_199' title='bbox 667 1803 793 1839; x_wconf 87' lang='lat' dir='ltr'>Primo</span> <span class='ocrx_word' id='word_1_200' title='bbox 815 1803 863 1838; x_wconf 89' lang='lat' dir='ltr'>ad</span> 
     </span>
     <span class='ocr_line' id='line_1_36' title="bbox 75 1850 863 1895; baseline -0.004 -7"><span class='ocrx_word' id='word_1_201' title='bbox 75 1852 395 1888; x_wconf 86' lang='lat' dir='ltr'>contemnendum</span> <span class='ocrx_word' id='word_1_202' title='bbox 436 1861 605 1888; x_wconf 87' lang='lat' dir='ltr'>amorem</span> <span class='ocrx_word' id='word_1_203' title='bbox 643 1850 788 1895; x_wconf 86' lang='lat' dir='ltr'>mundi,</span> <span class='ocrx_word' id='word_1_204' title='bbox 826 1853 863 1886; x_wconf 90' lang='lat' dir='ltr'>et</span> 
     </span>
     <span class='ocr_line' id='line_1_37' title="bbox 80 1898 860 1945; baseline -0.004 -10"><span class='ocrx_word' id='word_1_205' title='bbox 80 1910 209 1935; x_wconf 86' lang='lat' dir='ltr'>rerum</span> <span class='ocrx_word' id='word_1_206' title='bbox 245 1909 328 1945; x_wconf 74' lang='lat' dir='ltr'>quae</span> <span class='ocrx_word' id='word_1_207' title='bbox 368 1898 408 1934; x_wconf 89' lang='lat' dir='ltr'>in</span> <span class='ocrx_word' id='word_1_208' title='bbox 451 1898 594 1934; x_wconf 81' lang='lat' dir='ltr'>mundo</span> <span class='ocrx_word' id='word_1_209' title='bbox 635 1902 736 1942; x_wconf 88' lang='lat' dir='ltr'>sunt,</span> <span class='ocrx_word' id='word_1_210' title='bbox 777 1907 860 1933; x_wconf 85' lang='lat' dir='ltr'>cum</span> 
     </span>
     <span class='ocr_line' id='line_1_38' title="bbox 79 1946 859 1990; baseline -0.004 -8"><span class='ocrx_word' id='word_1_211' title='bbox 79 1946 172 1982; x_wconf 83' lang='lat' dir='ltr'>dixit</span> <span class='ocrx_word' id='word_1_212' title='bbox 194 1959 204 1981; x_wconf 92' lang='lat'>.·</span> <span class='ocrx_word' id='word_1_213' title='bbox 229 1947 354 1983; x_wconf 79' lang='lat' dir='ltr'>Omnis</span> <span class='ocrx_word' id='word_1_214' title='bbox 375 1947 440 1990; x_wconf 76' lang='lat' dir='ltr'>qui</span> <span class='ocrx_word' id='word_1_215' title='bbox 456 1946 586 1980; x_wconf 70' lang='lat' dir='ltr'>biberit</span> <span class='ocrx_word' id='word_1_216' title='bbox 605 1956 651 1980; x_wconf 60' lang='grc' dir='ltr'>θῦε</span> <span class='ocrx_word' id='word_1_217' title='bbox 666 1956 765 1990; x_wconf 76' lang='lat' dir='ltr'>aqua</span> <span class='ocrx_word' id='word_1_218' title='bbox 779 1946 859 1988; x_wconf 73' lang='lat' dir='ltr'>hae,</span> 
     </span>
     <span class='ocr_line' id='line_1_39' title="bbox 80 1991 861 2036; baseline -0.004 -7"><span class='ocrx_word' id='word_1_219' title='bbox 80 1993 223 2029; x_wconf 85' lang='lat' dir='ltr'>scilicet</span> <span class='ocrx_word' id='word_1_220' title='bbox 257 1991 458 2036; x_wconf 87' lang='lat' dir='ltr'>materiali,</span> <span class='ocrx_word' id='word_1_221' title='bbox 481 1994 581 2027; x_wconf 67' lang='lat' dir='ltr'>sitiet</span> <span class='ocrx_word' id='word_1_222' title='bbox 608 1994 752 2036; x_wconf 68' lang='lat' dir='ltr'>iterum,</span> <span class='ocrx_word' id='word_1_223' title='bbox 772 1991 861 2027; x_wconf 82' lang='lat' dir='ltr'>licet</span> 
     </span>
     <span class='ocr_line' id='line_1_40' title="bbox 78 2037 860 2086; baseline -0.003 -10"><span class='ocrx_word' id='word_1_224' title='bbox 78 2040 127 2076; x_wconf 89' lang='lat' dir='ltr'>ad</span> <span class='ocrx_word' id='word_1_225' title='bbox 148 2043 296 2086; x_wconf 86' lang='lat' dir='ltr'>tempus</span> <span class='ocrx_word' id='word_1_226' title='bbox 318 2038 419 2075; x_wconf 87' lang='lat' dir='ltr'>sitim</span> <span class='ocrx_word' id='word_1_227' title='bbox 442 2040 601 2075; x_wconf 68' lang='lat' dir='ltr'>auferat.</span> <span class='ocrx_word' id='word_1_228' title='bbox 623 2040 738 2074; x_wconf 86' lang='lat' dir='ltr'>Amor</span> <span class='ocrx_word' id='word_1_229' title='bbox 759 2037 860 2074; x_wconf 90' lang='lat' dir='ltr'>enim</span> 
     </span>
     <span class='ocr_line' id='line_1_41' title="bbox 81 2085 861 2130; baseline -0.003 -7"><span class='ocrx_word' id='word_1_230' title='bbox 81 2087 374 2127; x_wconf 83' lang='lat' dir='ltr'>mundanorum,</span> <span class='ocrx_word' id='word_1_231' title='bbox 400 2086 541 2122; x_wconf 89' lang='lat' dir='ltr'>scilicet</span> <span class='ocrx_word' id='word_1_232' title='bbox 567 2085 796 2130; x_wconf 86' lang='lat' dir='ltr'>divitiarum,</span> <span class='ocrx_word' id='word_1_233' title='bbox 824 2089 861 2121; x_wconf 84' lang='lat' dir='ltr'>et</span> 
     </span>
     <span class='ocr_line' id='line_1_42' title="bbox 80 2133 859 2177; baseline -0.003 -7"><span class='ocrx_word' id='word_1_234' title='bbox 80 2133 302 2171; x_wconf 89' lang='lat' dir='ltr'>deliciarum</span> <span class='ocrx_word' id='word_1_235' title='bbox 338 2137 374 2169; x_wconf 91' lang='lat' dir='ltr'>et</span> <span class='ocrx_word' id='word_1_236' title='bbox 400 2134 601 2177; x_wconf 83' lang='lat' dir='ltr'>bonorum,</span> <span class='ocrx_word' id='word_1_237' title='bbox 643 2133 743 2169; x_wconf 89' lang='lat' dir='ltr'>sitim</span> <span class='ocrx_word' id='word_1_238' title='bbox 782 2143 859 2168; x_wconf 90' lang='lat' dir='ltr'>non</span> 
     </span>
     <span class='ocr_line' id='line_1_43' title="bbox 81 2180 858 2228; baseline -0.003 -11"><span class='ocrx_word' id='word_1_239' title='bbox 81 2181 295 2228; x_wconf 81' lang='lat' dir='ltr'>exstinguit,</span> <span class='ocrx_word' id='word_1_240' title='bbox 325 2181 391 2217; x_wconf 90' lang='lat' dir='ltr'>sed</span> <span class='ocrx_word' id='word_1_241' title='bbox 417 2184 547 2227; x_wconf 78' lang='lat' dir='ltr'>auget;</span> <span class='ocrx_word' id='word_1_242' title='bbox 572 2181 617 2216; x_wconf 90' lang='lat' dir='ltr'>de</span> <span class='ocrx_word' id='word_1_243' title='bbox 643 2180 781 2226; x_wconf 83' lang='lat' dir='ltr'>quibus</span> <span class='ocrx_word' id='word_1_244' title='bbox 803 2180 858 2215; x_wconf 92' lang='lat' dir='ltr'>di-</span> 
     </span>
     <span class='ocr_line' id='line_1_44' title="bbox 80 2227 862 2272; baseline -0.003 -8"><span class='ocrx_word' id='word_1_245' title='bbox 80 2228 177 2264; x_wconf 87' lang='lat' dir='ltr'>citur</span> <span class='ocrx_word' id='word_1_246' title='bbox 195 2228 235 2264; x_wconf 90' lang='lat' dir='ltr'>in</span> <span class='ocrx_word' id='word_1_247' title='bbox 256 2227 468 2264; x_wconf 84' lang='lat' dir='ltr'>Proverbiis</span> <span class='ocrx_word' id='word_1_248' title='bbox 491 2240 498 2263; x_wconf 91' lang='lat'>:</span> <span class='ocrx_word' id='word_1_249' title='bbox 522 2229 762 2272; x_wconf 66' lang='lat' dir='ltr'>Sanquz‘suqae</span> <span class='ocrx_word' id='word_1_250' title='bbox 782 2228 862 2262; x_wconf 69' lang='lat' dir='ltr'>duee</span> 
     </span>
     <span class='ocr_line' id='line_1_45' title="bbox 77 2275 860 2321; baseline -0.003 -10"><span class='ocrx_word' id='word_1_251' title='bbox 77 2278 162 2311; x_wconf 81' lang='lat' dir='ltr'>sunt</span> <span class='ocrx_word' id='word_1_252' title='bbox 181 2276 280 2321; x_wconf 57' lang='lat' dir='ltr'>filice,</span> <span class='ocrx_word' id='word_1_253' title='bbox 301 2286 379 2320; x_wconf 73' lang='lat' dir='ltr'>qzcae</span> <span class='ocrx_word' id='word_1_254' title='bbox 395 2285 532 2321; x_wconf 78' lang='lat' dir='ltr'>semper</span> <span class='ocrx_word' id='word_1_255' title='bbox 557 2276 684 2311; x_wconf 70' lang='lat' dir='ltr'>dicunt</span> <span class='ocrx_word' id='word_1_256' title='bbox 709 2286 717 2311; x_wconf 82' lang='lat' dir='ltr'>z</span> <span class='ocrx_word' id='word_1_257' title='bbox 742 2275 860 2320; x_wconf 73' lang='lat' dir='ltr'>Affer,</span> 
     </span>
     <span class='ocr_line' id='line_1_46' title="bbox 81 2322 860 2369; baseline -0.001 -11"><span class='ocrx_word' id='word_1_258' title='bbox 81 2323 185 2368; x_wconf 79' lang='lat' dir='ltr'>affer.</span> <span class='ocrx_word' id='word_1_259' title='bbox 206 2322 441 2369; x_wconf 75' lang='lat' dir='ltr'>sanguisuga</span> <span class='ocrx_word' id='word_1_260' title='bbox 455 2326 511 2358; x_wconf 79' lang='lat' dir='ltr'>est</span> <span class='ocrx_word' id='word_1_261' title='bbox 521 2326 643 2358; x_wconf 88' lang='lat' dir='ltr'>mater</span> <span class='ocrx_word' id='word_1_262' title='bbox 659 2322 860 2368; x_wconf 64' lang='lat' dir='ltr'>superbiae,</span> 
     </span>
     <span class='ocr_line' id='line_1_47' title="bbox 82 2369 863 2415; baseline -0.001 -10"><span class='ocrx_word' id='word_1_263' title='bbox 82 2371 233 2415; x_wconf 75' lang='lat' dir='ltr'>quaeest</span> <span class='ocrx_word' id='word_1_264' title='bbox 249 2380 361 2405; x_wconf 88' lang='lat' dir='ltr'>causa</span> <span class='ocrx_word' id='word_1_265' title='bbox 380 2373 416 2405; x_wconf 87' lang='lat' dir='ltr'>et</span> <span class='ocrx_word' id='word_1_266' title='bbox 436 2369 586 2405; x_wconf 88' lang='lat' dir='ltr'>initium</span> <span class='ocrx_word' id='word_1_267' title='bbox 605 2369 773 2405; x_wconf 88' lang='lat' dir='ltr'>omnium</span> <span class='ocrx_word' id='word_1_268' title='bbox 786 2380 863 2405; x_wconf 87' lang='lat' dir='ltr'>ma-</span> 
     </span>
     <span class='ocr_line' id='line_1_48' title="bbox 82 2416 863 2461; baseline 0 -9"><span class='ocrx_word' id='word_1_269' title='bbox 82 2416 229 2460; x_wconf 90' lang='lat' dir='ltr'>lorum;</span> <span class='ocrx_word' id='word_1_270' title='bbox 251 2417 365 2452; x_wconf 86' lang='lat' dir='ltr'>habet</span> <span class='ocrx_word' id='word_1_271' title='bbox 379 2419 503 2452; x_wconf 87' lang='lat' dir='ltr'>autem</span> <span class='ocrx_word' id='word_1_272' title='bbox 519 2417 612 2452; x_wconf 85' lang='lat' dir='ltr'>duas</span> <span class='ocrx_word' id='word_1_273' title='bbox 631 2416 743 2461; x_wconf 85' lang='lat' dir='ltr'>filias,</span> <span class='ocrx_word' id='word_1_274' title='bbox 766 2416 863 2451; x_wconf 85' lang='lat' dir='ltr'>scili-</span> 
     </span>
     <span class='ocr_line' id='line_1_49' title="bbox 82 2463 863 2510; baseline 0 -11"><span class='ocrx_word' id='word_1_275' title='bbox 82 2466 142 2499; x_wconf 84' lang='lat' dir='ltr'>cet</span> <span class='ocrx_word' id='word_1_276' title='bbox 164 2474 172 2498; x_wconf 92' lang='lat'>:</span> <span class='ocrx_word' id='word_1_277' title='bbox 196 2463 438 2509; x_wconf 84' lang='lat' dir='ltr'>cupiditatem</span> <span class='ocrx_word' id='word_1_278' title='bbox 455 2467 492 2500; x_wconf 91' lang='lat' dir='ltr'>et</span> <span class='ocrx_word' id='word_1_279' title='bbox 514 2463 758 2510; x_wconf 77' lang='lat' dir='ltr'>voluptatem,</span> <span class='ocrx_word' id='word_1_280' title='bbox 774 2463 863 2509; x_wconf 84' lang='lat' dir='ltr'>quia</span> 
     </span>
     <span class='ocr_line' id='line_1_50' title="bbox 83 2510 861 2555; baseline -0.001 -9"><span class='ocrx_word' id='word_1_281' title='bbox 83 2510 269 2555; x_wconf 87' lang='lat' dir='ltr'>superbus</span> <span class='ocrx_word' id='word_1_282' title='bbox 288 2521 363 2546; x_wconf 91' lang='lat' dir='ltr'>non</span> <span class='ocrx_word' id='word_1_283' title='bbox 383 2513 530 2547; x_wconf 86' lang='lat' dir='ltr'>tantum</span> <span class='ocrx_word' id='word_1_284' title='bbox 548 2511 710 2547; x_wconf 84' lang='lat' dir='ltr'>honores</span> <span class='ocrx_word' id='word_1_285' title='bbox 731 2510 861 2554; x_wconf 77' lang='lat' dir='ltr'>ambit,</span> 
     </span>
     <span class='ocr_line' id='line_1_51' title="bbox 85 2556 861 2604; baseline 0 -12"><span class='ocrx_word' id='word_1_286' title='bbox 85 2557 152 2593; x_wconf 87' lang='lat' dir='ltr'>sed</span> <span class='ocrx_word' id='word_1_287' title='bbox 171 2556 284 2593; x_wconf 83' lang='lat' dir='ltr'>etiam</span> <span class='ocrx_word' id='word_1_288' title='bbox 306 2559 404 2594; x_wconf 81' lang='lat' dir='ltr'>bona</span> <span class='ocrx_word' id='word_1_289' title='bbox 432 2557 593 2594; x_wconf 85' lang='lat' dir='ltr'>aliorum</span> <span class='ocrx_word' id='word_1_290' title='bbox 611 2557 709 2604; x_wconf 83' lang='lat' dir='ltr'>rapit</span> <span class='ocrx_word' id='word_1_291' title='bbox 736 2561 772 2594; x_wconf 87' lang='lat' dir='ltr'>et</span> <span class='ocrx_word' id='word_1_292' title='bbox 798 2569 861 2593; x_wconf 85' lang='lat' dir='ltr'>vo-</span> 
     </span>
     <span class='ocr_line' id='line_1_52' title="bbox 85 2604 863 2651; baseline -0.001 -11"><span class='ocrx_word' id='word_1_293' title='bbox 85 2604 258 2650; x_wconf 87' lang='lat' dir='ltr'>luptuose</span> <span class='ocrx_word' id='word_1_294' title='bbox 281 2604 382 2640; x_wconf 82' lang='lat' dir='ltr'>vivit.</span> <span class='ocrx_word' id='word_1_295' title='bbox 405 2606 480 2641; x_wconf 87' lang='lat' dir='ltr'>Ista</span> <span class='ocrx_word' id='word_1_296' title='bbox 504 2608 629 2641; x_wconf 89' lang='lat' dir='ltr'>autem</span> <span class='ocrx_word' id='word_1_297' title='bbox 652 2616 763 2651; x_wconf 89' lang='lat' dir='ltr'>quam</span> <span class='ocrx_word' id='word_1_298' title='bbox 790 2604 863 2640; x_wconf 87' lang='lat' dir='ltr'>sint</span> 
     </span>
     <span class='ocr_line' id='line_1_53' title="bbox 85 2651 863 2696; baseline 0 -10"><span class='ocrx_word' id='word_1_299' title='bbox 85 2661 203 2687; x_wconf 87' lang='lat' dir='ltr'>vacua</span> <span class='ocrx_word' id='word_1_300' title='bbox 223 2654 260 2687; x_wconf 90' lang='lat' dir='ltr'>et</span> <span class='ocrx_word' id='word_1_301' title='bbox 285 2662 395 2696; x_wconf 73' lang='lat' dir='ltr'>vana,</span> <span class='ocrx_word' id='word_1_302' title='bbox 425 2653 465 2688; x_wconf 91' lang='lat' dir='ltr'>in</span> <span class='ocrx_word' id='word_1_303' title='bbox 496 2654 616 2688; x_wconf 86' lang='lat' dir='ltr'>morte</span> <span class='ocrx_word' id='word_1_304' title='bbox 652 2651 863 2688; x_wconf 82' lang='lat' dir='ltr'>ostenditur</span> 
     </span>
     <span class='ocr_line' id='line_1_54' title="bbox 86 2697 862 2745; baseline 0 -12"><span class='ocrx_word' id='word_1_305' title='bbox 86 2697 285 2734; x_wconf 84' lang='lat' dir='ltr'>Alexandri</span> <span class='ocrx_word' id='word_1_306' title='bbox 299 2698 435 2744; x_wconf 80' lang='lat' dir='ltr'>Magni,</span> <span class='ocrx_word' id='word_1_307' title='bbox 454 2700 515 2745; x_wconf 84' lang='lat' dir='ltr'>qui</span> <span class='ocrx_word' id='word_1_308' title='bbox 534 2709 618 2734; x_wconf 88' lang='lat' dir='ltr'>cum</span> <span class='ocrx_word' id='word_1_309' title='bbox 636 2702 734 2735; x_wconf 85' lang='lat' dir='ltr'>esset</span> <span class='ocrx_word' id='word_1_310' title='bbox 749 2698 862 2735; x_wconf 89' lang='lat' dir='ltr'>totius</span> 
     </span>
     <span class='ocr_line' id='line_1_55' title="bbox 88 2744 860 2796; baseline 0.001 -17"><span class='ocrx_word' id='word_1_311' title='bbox 88 2744 218 2796; x_wconf 83' lang='lat' dir='ltr'>mundi</span> <span class='ocrx_word' id='word_1_312' title='bbox 256 2745 445 2790; x_wconf 85' lang='lat' dir='ltr'>dominus,</span> <span class='ocrx_word' id='word_1_313' title='bbox 483 2746 621 2782; x_wconf 84' lang='lat' dir='ltr'>divitiis</span> <span class='ocrx_word' id='word_1_314' title='bbox 654 2747 802 2793; x_wconf 88' lang='lat' dir='ltr'>plenus,</span> <span class='ocrx_word' id='word_1_315' title='bbox 825 2748 860 2780; x_wconf 87' lang='lat' dir='ltr'>et</span> 
     </span>
     <span class='ocr_line' id='line_1_56' title="bbox 88 2790 861 2840; baseline 0.003 -14"><span class='ocrx_word' id='word_1_316' title='bbox 88 2790 324 2836; x_wconf 76' lang='lat' dir='ltr'>libidinosus,</span> <span class='ocrx_word' id='word_1_317' title='bbox 347 2796 383 2829; x_wconf 85' lang='lat' dir='ltr'>et</span> <span class='ocrx_word' id='word_1_318' title='bbox 410 2794 490 2840; x_wconf 77' lang='lat' dir='ltr'>ers</span> <span class='ocrx_word' id='word_1_319' title='bbox 510 2804 596 2830; x_wconf 86' lang='lat' dir='ltr'>ossa</span> <span class='ocrx_word' id='word_1_320' title='bbox 614 2793 653 2829; x_wconf 91' lang='lat' dir='ltr'>in</span> <span class='ocrx_word' id='word_1_321' title='bbox 686 2804 774 2830; x_wconf 88' lang='lat' dir='ltr'>vaso</span> <span class='ocrx_word' id='word_1_322' title='bbox 798 2803 861 2830; x_wconf 84' lang='lat' dir='ltr'>au-</span> 
     </span>
    </p>
   </div>
   <div class='ocr_carea' id='block_1_3' title="bbox 930 246 1720 2842">
    <p class='ocr_par' dir='ltr' id='par_1_4' title="bbox 930 246 1720 2842">
     <span class='ocr_line' id='line_1_57' title="bbox 930 246 1705 296; baseline 0.008 -15"><span class='ocrx_word' id='word_1_323' title='bbox 930 257 994 282; x_wconf 82' lang='lat' dir='ltr'>reo</span> <span class='ocrx_word' id='word_1_324' title='bbox 1023 246 1187 292; x_wconf 78' lang='lat' dir='ltr'>reposita</span> <span class='ocrx_word' id='word_1_325' title='bbox 1210 247 1379 291; x_wconf 69' lang='lat' dir='ltr'>tuissent,</span> <span class='ocrx_word' id='word_1_326' title='bbox 1400 250 1610 296; x_wconf 73' lang='lat' dir='ltr'>philosophi</span> <span class='ocrx_word' id='word_1_327' title='bbox 1635 251 1705 287; x_wconf 79' lang='lat' dir='ltr'>ibi-</span> 
     </span>
     <span class='ocr_line' id='line_1_58' title="bbox 930 294 1706 343; baseline 0.006 -14"><span class='ocrx_word' id='word_1_328' title='bbox 930 294 1015 329; x_wconf 86' lang='lat' dir='ltr'>dem</span> <span class='ocrx_word' id='word_1_329' title='bbox 1035 299 1305 330; x_wconf 75' lang='lat' dir='ltr'>convenerunt.</span> <span class='ocrx_word' id='word_1_330' title='bbox 1334 297 1431 331; x_wconf 73' lang='lat' dir='ltr'>L&#39;nns</span> <span class='ocrx_word' id='word_1_331' title='bbox 1458 308 1546 343; x_wconf 62' lang='lat' dir='ltr'>crgo</span> <span class='ocrx_word' id='word_1_332' title='bbox 1576 299 1706 334; x_wconf 54' lang='lat' dir='ltr'>rolens</span> 
     </span>
     <span class='ocr_line' id='line_1_59' title="bbox 930 340 1708 382; baseline 0.009 -7"><span class='ocrx_word' id='word_1_333' title='bbox 930 351 1038 376; x_wconf 79' lang='lat' dir='ltr'>suum</span> <span class='ocrx_word' id='word_1_334' title='bbox 1087 340 1278 376; x_wconf 83' lang='lat' dir='ltr'>dominum</span> <span class='ocrx_word' id='word_1_335' title='bbox 1328 345 1527 380; x_wconf 65' lang='lat' dir='ltr'>osten-lore</span> <span class='ocrx_word' id='word_1_336' title='bbox 1571 356 1708 382; x_wconf 64' lang='lat' dir='ltr'>vanum</span> 
     </span>
     <span class='ocr_line' id='line_1_60' title="bbox 930 387 1711 432; baseline 0.006 -9"><span class='ocrx_word' id='word_1_337' title='bbox 930 387 1059 432; x_wconf 80' lang='lat' dir='ltr'>fuisse,</span> <span class='ocrx_word' id='word_1_338' title='bbox 1081 387 1160 423; x_wconf 86' lang='lat' dir='ltr'>ait:</span> <span class='ocrx_word' id='word_1_339' title='bbox 1187 388 1273 423; x_wconf 88' lang='lat' dir='ltr'>Heri</span> <span class='ocrx_word' id='word_1_340' title='bbox 1310 389 1370 425; x_wconf 74' lang='lat' dir='ltr'>isti</span> <span class='ocrx_word' id='word_1_341' title='bbox 1397 402 1468 426; x_wconf 82' lang='lat' dir='ltr'>non</span> <span class='ocrx_word' id='word_1_342' title='bbox 1498 393 1711 429; x_wconf 48' lang='lat' dir='ltr'>sustinebat</span> 
     </span>
     <span class='ocr_line' id='line_1_61' title="bbox 930 435 1714 485; baseline 0.009 -16"><span class='ocrx_word' id='word_1_343' title='bbox 930 439 1030 471; x_wconf 88' lang='lat' dir='ltr'>totus</span> <span class='ocrx_word' id='word_1_344' title='bbox 1052 435 1230 479; x_wconf 78' lang='lat' dir='ltr'>mundus3</span> <span class='ocrx_word' id='word_1_345' title='bbox 1250 437 1362 472; x_wconf 86' lang='lat' dir='ltr'>hodie</span> <span class='ocrx_word' id='word_1_346' title='bbox 1386 448 1500 483; x_wconf 67' lang='lat' dir='ltr'>parva</span> <span class='ocrx_word' id='word_1_347' title='bbox 1518 441 1714 485; x_wconf 67' lang='lat' dir='ltr'>sepultura</span> 
     </span>
     <span class='ocr_line' id='line_1_62' title="bbox 931 483 1709 523; baseline 0.008 -5"><span class='ocrx_word' id='word_1_348' title='bbox 931 485 987 518; x_wconf 88' lang='lat' dir='ltr'>est</span> <span class='ocrx_word' id='word_1_349' title='bbox 1015 485 1224 518; x_wconf 87' lang='lat' dir='ltr'>contentus.</span> <span class='ocrx_word' id='word_1_350' title='bbox 1241 483 1346 520; x_wconf 85' lang='lat' dir='ltr'>Alius</span> <span class='ocrx_word' id='word_1_351' title='bbox 1365 486 1493 521; x_wconf 69' lang='lat' dir='ltr'>volens</span> <span class='ocrx_word' id='word_1_352' title='bbox 1508 488 1709 523; x_wconf 67' lang='lat' dir='ltr'>ostendere</span> 
     </span>
     <span class='ocr_line' id='line_1_63' title="bbox 932 535 1710 576; baseline 0.006 -12"><span class='ocrx_word' id='word_1_353' title='bbox 932 540 1067 565; x_wconf 80' lang='lat' dir='ltr'>vanum</span> <span class='ocrx_word' id='word_1_354' title='bbox 1092 540 1173 566; x_wconf 88' lang='lat' dir='ltr'>esse</span> <span class='ocrx_word' id='word_1_355' title='bbox 1193 541 1329 566; x_wconf 89' lang='lat' dir='ltr'>aurum</span> <span class='ocrx_word' id='word_1_356' title='bbox 1348 535 1384 567; x_wconf 84' lang='lat' dir='ltr'>et</span> <span class='ocrx_word' id='word_1_357' title='bbox 1405 538 1603 576; x_wconf 53' lang='lat' dir='ltr'>arpentum</span> <span class='ocrx_word' id='word_1_358' title='bbox 1625 545 1710 569; x_wconf 67' lang='lat' dir='ltr'>‹ton-</span> 
     </span>
     <span class='ocr_line' id='line_1_64' title="bbox 930 577 1711 623; baseline 0.008 -12"><span class='ocrx_word' id='word_1_359' title='bbox 930 588 1105 623; x_wconf 60' lang='lat' dir='ltr'>gregare,</span> <span class='ocrx_word' id='word_1_360' title='bbox 1124 577 1177 613; x_wconf 88' lang='lat' dir='ltr'>ait</span> <span class='ocrx_word' id='word_1_361' title='bbox 1206 591 1215 613; x_wconf 80' lang='grc' dir='ltr'><em>ε</em></span> <span class='ocrx_word' id='word_1_362' title='bbox 1244 578 1331 614; x_wconf 86' lang='lat' dir='ltr'>Hori</span> <span class='ocrx_word' id='word_1_363' title='bbox 1358 578 1427 615; x_wconf 85' lang='lat' dir='ltr'>iste</span> <span class='ocrx_word' id='word_1_364' title='bbox 1452 580 1609 617; x_wconf 66' lang='lat' dir='ltr'>faciebat</span> <span class='ocrx_word' id='word_1_365' title='bbox 1631 583 1711 617; x_wconf 75' lang='lat' dir='ltr'>tne-</span> 
     </span>
     <span class='ocr_line' id='line_1_65' title="bbox 932 625 1714 671; baseline 0.006 -12"><span class='ocrx_word' id='word_1_366' title='bbox 932 635 1087 660; x_wconf 78' lang='lat' dir='ltr'>saurum</span> <span class='ocrx_word' id='word_1_367' title='bbox 1121 625 1167 660; x_wconf 90' lang='lat' dir='ltr'>de</span> <span class='ocrx_word' id='word_1_368' title='bbox 1193 636 1302 671; x_wconf 68' lang='lat' dir='ltr'>auro,</span> <span class='ocrx_word' id='word_1_369' title='bbox 1334 626 1447 662; x_wconf 83' lang='lat' dir='ltr'>hodie</span> <span class='ocrx_word' id='word_1_370' title='bbox 1477 638 1606 663; x_wconf 77' lang='lat' dir='ltr'>aurum</span> <span class='ocrx_word' id='word_1_371' title='bbox 1639 629 1714 664; x_wconf 80' lang='lat' dir='ltr'>the-</span> 
     </span>
     <span class='ocr_line' id='line_1_66' title="bbox 933 672 1715 719; baseline 0.006 -13"><span class='ocrx_word' id='word_1_372' title='bbox 933 682 1088 707; x_wconf 80' lang='lat' dir='ltr'>saurum</span> <span class='ocrx_word' id='word_1_373' title='bbox 1112 672 1201 707; x_wconf 86' lang='lat' dir='ltr'>facit</span> <span class='ocrx_word' id='word_1_374' title='bbox 1223 673 1270 708; x_wconf 90' lang='lat' dir='ltr'>de</span> <span class='ocrx_word' id='word_1_375' title='bbox 1307 672 1403 719; x_wconf 84' lang='lat' dir='ltr'>ipso.</span> <span class='ocrx_word' id='word_1_376' title='bbox 1446 674 1550 710; x_wconf 63' lang='lat' dir='ltr'>Alius</span> <span class='ocrx_word' id='word_1_377' title='bbox 1585 676 1715 711; x_wconf 64' lang='lat' dir='ltr'>volens</span> 
     </span>
     <span class='ocr_line' id='line_1_67' title="bbox 933 719 1714 770; baseline 0.005 -16"><span class='ocrx_word' id='word_1_378' title='bbox 933 719 1134 770; x_wconf 82' lang='lat' dir='ltr'>ostendere</span> <span class='ocrx_word' id='word_1_379' title='bbox 1153 729 1290 755; x_wconf 86' lang='lat' dir='ltr'>vanum</span> <span class='ocrx_word' id='word_1_380' title='bbox 1313 731 1394 756; x_wconf 84' lang='lat' dir='ltr'>osse</span> <span class='ocrx_word' id='word_1_381' title='bbox 1415 732 1549 767; x_wconf 75' lang='lat' dir='ltr'>corpus</span> <span class='ocrx_word' id='word_1_382' title='bbox 1571 722 1714 758; x_wconf 82' lang='lat' dir='ltr'>deliciis</span> 
     </span>
     <span class='ocr_line' id='line_1_68' title="bbox 933 766 1712 810; baseline 0.008 -10"><span class='ocrx_word' id='word_1_383' title='bbox 933 769 1093 810; x_wconf 78' lang='lat' dir='ltr'>nutrire,</span> <span class='ocrx_word' id='word_1_384' title='bbox 1130 766 1221 802; x_wconf 78' lang='lat' dir='ltr'>dixit</span> <span class='ocrx_word' id='word_1_385' title='bbox 1243 778 1250 802; x_wconf 90' lang='lat'>:</span> <span class='ocrx_word' id='word_1_386' title='bbox 1293 769 1379 803; x_wconf 84' lang='lat' dir='ltr'>Heri</span> <span class='ocrx_word' id='word_1_387' title='bbox 1417 768 1486 804; x_wconf 73' lang='lat' dir='ltr'>iste</span> <span class='ocrx_word' id='word_1_388' title='bbox 1519 769 1712 806; x_wconf 76' lang='lat' dir='ltr'>nutriebat</span> 
     </span>
     <span class='ocr_line' id='line_1_69' title="bbox 934 813 1710 861; baseline 0.005 -12"><span class='ocrx_word' id='word_1_389' title='bbox 934 824 1070 858; x_wconf 86' lang='lat' dir='ltr'>corpus</span> <span class='ocrx_word' id='word_1_390' title='bbox 1097 823 1204 849; x_wconf 88' lang='lat' dir='ltr'>suum</span> <span class='ocrx_word' id='word_1_391' title='bbox 1233 813 1390 850; x_wconf 67' lang='lat' dir='ltr'>diversis</span> <span class='ocrx_word' id='word_1_392' title='bbox 1417 815 1573 861; x_wconf 83' lang='lat' dir='ltr'>deliciis,</span> <span class='ocrx_word' id='word_1_393' title='bbox 1597 817 1710 853; x_wconf 88' lang='lat' dir='ltr'>hodie</span> 
     </span>
     <span class='ocr_line' id='line_1_70' title="bbox 934 860 1709 901; baseline 0.008 -6"><span class='ocrx_word' id='word_1_394' title='bbox 934 871 1022 896; x_wconf 76' lang='lat' dir='ltr'>vero</span> <span class='ocrx_word' id='word_1_395' title='bbox 1047 860 1257 896; x_wconf 81' lang='lat' dir='ltr'>comeditur</span> <span class='ocrx_word' id='word_1_396' title='bbox 1283 872 1306 898; x_wconf 88' lang='lat' dir='ltr'>a</span> <span class='ocrx_word' id='word_1_397' title='bbox 1332 862 1537 899; x_wconf 74' lang='lat' dir='ltr'>vermibus.</span> <span class='ocrx_word' id='word_1_398' title='bbox 1564 885 1609 891; x_wconf 38' lang='grc' dir='ltr'>ἡ</span> <span class='ocrx_word' id='word_1_399' title='bbox 1643 865 1709 901; x_wconf 84' lang='lat' dir='ltr'>Se-</span> 
     </span>
     <span class='ocr_line' id='line_1_71' title="bbox 935 907 1713 948; baseline 0.008 -6"><span class='ocrx_word' id='word_1_400' title='bbox 935 907 1057 943; x_wconf 82' lang='lat' dir='ltr'>cundo</span> <span class='ocrx_word' id='word_1_401' title='bbox 1081 907 1249 944; x_wconf 82' lang='lat' dir='ltr'>Christus</span> <span class='ocrx_word' id='word_1_402' title='bbox 1272 908 1471 945; x_wconf 74' lang='lat' dir='ltr'>inducebat</span> <span class='ocrx_word' id='word_1_403' title='bbox 1493 911 1602 946; x_wconf 85' lang='lat' dir='ltr'>istam</span> <span class='ocrx_word' id='word_1_404' title='bbox 1627 923 1713 948; x_wconf 88' lang='lat' dir='ltr'>mu-</span> 
     </span>
     <span class='ocr_line' id='line_1_72' title="bbox 936 954 1710 1000; baseline 0.008 -11"><span class='ocrx_word' id='word_1_405' title='bbox 936 954 1079 998; x_wconf 81' lang='lat' dir='ltr'>lierem,</span> <span class='ocrx_word' id='word_1_406' title='bbox 1098 958 1135 990; x_wconf 88' lang='lat' dir='ltr'>et</span> <span class='ocrx_word' id='word_1_407' title='bbox 1155 966 1224 990; x_wconf 87' lang='lat' dir='ltr'>nos</span> <span class='ocrx_word' id='word_1_408' title='bbox 1248 955 1283 990; x_wconf 86' lang='lat' dir='ltr'>in</span> <span class='ocrx_word' id='word_1_409' title='bbox 1308 955 1392 1000; x_wconf 83' lang='lat' dir='ltr'>ista,</span> <span class='ocrx_word' id='word_1_410' title='bbox 1416 958 1462 992; x_wconf 78' lang='lat' dir='ltr'>ad</span> <span class='ocrx_word' id='word_1_411' title='bbox 1493 958 1710 995; x_wconf 69' lang='lat' dir='ltr'>desideran-</span> 
     </span>
     <span class='ocr_line' id='line_1_73' title="bbox 936 1002 1713 1048; baseline 0.008 -12"><span class='ocrx_word' id='word_1_412' title='bbox 936 1002 1026 1037; x_wconf 87' lang='lat' dir='ltr'>dum</span> <span class='ocrx_word' id='word_1_413' title='bbox 1044 1012 1211 1038; x_wconf 88' lang='lat' dir='ltr'>amorem</span> <span class='ocrx_word' id='word_1_414' title='bbox 1230 1002 1397 1046; x_wconf 86' lang='lat' dir='ltr'>Dei‚cum</span> <span class='ocrx_word' id='word_1_415' title='bbox 1414 1004 1488 1039; x_wconf 84' lang='lat' dir='ltr'>ait:</span> <span class='ocrx_word' id='word_1_416' title='bbox 1509 1005 1580 1048; x_wconf 61' lang='lat' dir='ltr'>Qua·</span> <span class='ocrx_word' id='word_1_417' title='bbox 1593 1011 1713 1042; x_wconf 73' lang='lat' dir='ltr'>autem</span> 
     </span>
     <span class='ocr_line' id='line_1_74' title="bbox 938 1049 1716 1097; baseline 0.009 -14"><span class='ocrx_word' id='word_1_418' title='bbox 938 1049 1069 1084; x_wconf 64' lang='lat' dir='ltr'>biberit</span> <span class='ocrx_word' id='word_1_419' title='bbox 1087 1060 1131 1084; x_wconf 71' lang='lat' dir='ltr'>6ae</span> <span class='ocrx_word' id='word_1_420' title='bbox 1146 1061 1243 1094; x_wconf 65' lang='lat' dir='ltr'>aqua</span> <span class='ocrx_word' id='word_1_421' title='bbox 1259 1061 1365 1094; x_wconf 72' lang='lat' dir='ltr'>(secam</span> <span class='ocrx_word' id='word_1_422' title='bbox 1385 1062 1446 1091; x_wconf 63' lang='lat' dir='ltr'>csso</span> <span class='ocrx_word' id='word_1_423' title='bbox 1469 1053 1561 1088; x_wconf 71' lang='lat' dir='ltr'>dabo</span> <span class='ocrx_word' id='word_1_424' title='bbox 1582 1055 1627 1097; x_wconf 77' lang='lat' dir='ltr'>ei,</span> <span class='ocrx_word' id='word_1_425' title='bbox 1648 1054 1716 1090; x_wconf 82' lang='lat' dir='ltr'>sci-</span> 
     </span>
     <span class='ocr_line' id='line_1_75' title="bbox 935 1096 1718 1142; baseline 0.006 -12"><span class='ocrx_word' id='word_1_426' title='bbox 935 1096 1022 1131; x_wconf 87' lang='lat' dir='ltr'>licet</span> <span class='ocrx_word' id='word_1_427' title='bbox 1036 1096 1081 1131; x_wconf 89' lang='lat' dir='ltr'>de</span> <span class='ocrx_word' id='word_1_428' title='bbox 1093 1097 1214 1141; x_wconf 84' lang='lat' dir='ltr'>gratia</span> <span class='ocrx_word' id='word_1_429' title='bbox 1230 1097 1386 1142; x_wconf 75' lang='lat' dir='ltr'>Spiritus</span> <span class='ocrx_word' id='word_1_430' title='bbox 1399 1099 1538 1141; x_wconf 70' lang='lat' dir='ltr'>Sancti,</span> <span class='ocrx_word' id='word_1_431' title='bbox 1556 1112 1625 1136; x_wconf 74' lang='lat' dir='ltr'>non</span> <span class='ocrx_word' id='word_1_432' title='bbox 1639 1103 1718 1137; x_wconf 70' lang='lat' dir='ltr'>siti-</span> 
     </span>
     <span class='ocr_line' id='line_1_76' title="bbox 937 1144 1717 1194; baseline 0.009 -17"><span class='ocrx_word' id='word_1_433' title='bbox 937 1144 1018 1194; x_wconf 59' lang='lat' dir='ltr'>etp&#39;n</span> <span class='ocrx_word' id='word_1_434' title='bbox 1032 1146 1217 1186; x_wconf 71' lang='lat' dir='ltr'>aeternum,</span> <span class='ocrx_word' id='word_1_435' title='bbox 1233 1144 1319 1188; x_wconf 84' lang='lat' dir='ltr'>quia</span> <span class='ocrx_word' id='word_1_436' title='bbox 1329 1155 1436 1180; x_wconf 85' lang='lat' dir='ltr'>amor</span> <span class='ocrx_word' id='word_1_437' title='bbox 1454 1146 1613 1191; x_wconf 68' lang='lat' dir='ltr'>Spiritus</span> <span class='ocrx_word' id='word_1_438' title='bbox 1627 1149 1717 1184; x_wconf 84' lang='lat' dir='ltr'>San-</span> 
     </span>
     <span class='ocr_line' id='line_1_77' title="bbox 937 1189 1713 1241; baseline 0.01 -18"><span class='ocrx_word' id='word_1_439' title='bbox 937 1192 984 1224; x_wconf 83' lang='lat' dir='ltr'>cti</span> <span class='ocrx_word' id='word_1_440' title='bbox 1003 1189 1213 1241; x_wconf 41' lang='lat' dir='ltr'>&#39;exstinguit</span> <span class='ocrx_word' id='word_1_441' title='bbox 1239 1201 1406 1227; x_wconf 73' lang='lat' dir='ltr'>amorem</span> <span class='ocrx_word' id='word_1_442' title='bbox 1442 1194 1713 1231; x_wconf 88' lang='lat' dir='ltr'>mundanarum</span> 
     </span>
     <span class='ocr_line' id='line_1_78' title="bbox 938 1235 1718 1279; baseline 0.009 -7"><span class='ocrx_word' id='word_1_443' title='bbox 938 1235 1158 1272; x_wconf 76' lang='lat' dir='ltr'>deliciarum</span> <span class='ocrx_word' id='word_1_444' title='bbox 1194 1240 1231 1273; x_wconf 90' lang='lat' dir='ltr'>et</span> <span class='ocrx_word' id='word_1_445' title='bbox 1269 1238 1467 1274; x_wconf 85' lang='lat' dir='ltr'>honorum.</span> <span class='ocrx_word' id='word_1_446' title='bbox 1499 1242 1602 1277; x_wconf 90' lang='lat' dir='ltr'>Unde</span> <span class='ocrx_word' id='word_1_447' title='bbox 1638 1244 1718 1279; x_wconf 68' lang='lat' dir='ltr'>haec</span> 
     </span>
     <span class='ocr_line' id='line_1_79' title="bbox 937 1284 1717 1328; baseline 0.008 -10"><span class='ocrx_word' id='word_1_448' title='bbox 937 1284 1170 1327; x_wconf 60' lang='lat' dir='ltr'>Augustinus</span> <span class='ocrx_word' id='word_1_449' title='bbox 1193 1297 1203 1319; x_wconf 91' lang='lat'>.·</span> <span class='ocrx_word' id='word_1_450' title='bbox 1230 1299 1248 1317; x_wconf 80' lang='lat'>«</span> <span class='ocrx_word' id='word_1_451' title='bbox 1269 1285 1337 1328; x_wconf 81' lang='lat' dir='ltr'>Qui</span> <span class='ocrx_word' id='word_1_452' title='bbox 1366 1285 1503 1322; x_wconf 67' lang='lat' dir='ltr'>biberit</span> <span class='ocrx_word' id='word_1_453' title='bbox 1524 1288 1569 1324; x_wconf 87' lang='lat' dir='ltr'>de</span> <span class='ocrx_word' id='word_1_454' title='bbox 1604 1290 1717 1326; x_wconf 80' lang='lat' dir='ltr'>fluvio</span> 
     </span>
     <span class='ocr_line' id='line_1_80' title="bbox 939 1330 1719 1382; baseline 0.01 -17"><span class='ocrx_word' id='word_1_455' title='bbox 939 1330 1119 1376; x_wconf 86' lang='lat' dir='ltr'>paradisi,</span> <span class='ocrx_word' id='word_1_456' title='bbox 1144 1331 1250 1377; x_wconf 84' lang='lat' dir='ltr'>cujus</span> <span class='ocrx_word' id='word_1_457' title='bbox 1271 1343 1346 1368; x_wconf 86' lang='lat' dir='ltr'>una</span> <span class='ocrx_word' id='word_1_458' title='bbox 1379 1338 1484 1379; x_wconf 78' lang='lat' dir='ltr'>gutta</span> <span class='ocrx_word' id='word_1_459' title='bbox 1520 1337 1639 1382; x_wconf 86' lang='lat' dir='ltr'>major</span> <span class='ocrx_word' id='word_1_460' title='bbox 1663 1342 1719 1373; x_wconf 85' lang='lat' dir='ltr'>est</span> 
     </span>
     <span class='ocr_line' id='line_1_81' title="bbox 940 1378 1716 1422; baseline 0.009 -9"><span class='ocrx_word' id='word_1_461' title='bbox 940 1378 1103 1422; x_wconf 80' lang='lat' dir='ltr'>Oceano,</span> <span class='ocrx_word' id='word_1_462' title='bbox 1139 1382 1258 1414; x_wconf 87' lang='lat' dir='ltr'>restat</span> <span class='ocrx_word' id='word_1_463' title='bbox 1289 1383 1330 1415; x_wconf 91' lang='lat' dir='ltr'>ut</span> <span class='ocrx_word' id='word_1_464' title='bbox 1356 1379 1396 1415; x_wconf 90' lang='lat' dir='ltr'>in</span> <span class='ocrx_word' id='word_1_465' title='bbox 1422 1392 1464 1417; x_wconf 84' lang='lat' dir='ltr'>oo</span> <span class='ocrx_word' id='word_1_466' title='bbox 1491 1384 1612 1419; x_wconf 87' lang='lat' dir='ltr'>omnis</span> <span class='ocrx_word' id='word_1_467' title='bbox 1635 1384 1716 1420; x_wconf 68' lang='lat' dir='ltr'>sitis=</span> 
     </span>
     <span class='ocr_line' id='line_1_82' title="bbox 939 1425 1711 1472; baseline 0.005 -12"><span class='ocrx_word' id='word_1_468' title='bbox 939 1425 1069 1461; x_wconf 88' lang='lat' dir='ltr'>muudi</span> <span class='ocrx_word' id='word_1_469' title='bbox 1091 1425 1202 1471; x_wconf 87' lang='lat' dir='ltr'>hujus</span> <span class='ocrx_word' id='word_1_470' title='bbox 1222 1426 1371 1472; x_wconf 84' lang='lat' dir='ltr'>penitus</span> <span class='ocrx_word' id='word_1_471' title='bbox 1394 1429 1574 1466; x_wconf 71' lang='lat' dir='ltr'>exstincta</span> <span class='ocrx_word' id='word_1_472' title='bbox 1593 1430 1640 1467; x_wconf 87' lang='lat' dir='ltr'>sit</span> <span class='ocrx_word' id='word_1_473' title='bbox 1661 1443 1667 1467; x_wconf 90' lang='lat'><strong>:</strong></span> <span class='ocrx_word' id='word_1_474' title='bbox 1693 1447 1711 1465; x_wconf 86' lang='lat'>»</span> 
     </span>
     <span class='ocr_line' id='line_1_83' title="bbox 938 1473 1716 1524; baseline 0.012 -17"><span class='ocrx_word' id='word_1_475' title='bbox 938 1473 1019 1508; x_wconf 66' lang='lat' dir='ltr'>haec</span> <span class='ocrx_word' id='word_1_476' title='bbox 1035 1473 1279 1516; x_wconf 72' lang='lat' dir='ltr'>Auqustz&#39;nus.</span> <span class='ocrx_word' id='word_1_477' title='bbox 1298 1475 1414 1520; x_wconf 84' lang='lat' dir='ltr'>Hujus</span> <span class='ocrx_word' id='word_1_478' title='bbox 1434 1476 1536 1512; x_wconf 69' lang='lat' dir='ltr'>fluvii</span> <span class='ocrx_word' id='word_1_479' title='bbox 1554 1479 1716 1524; x_wconf 82' lang='lat' dir='ltr'>paradisi</span> 
     </span>
     <span class='ocr_line' id='line_1_84' title="bbox 940 1522 1717 1572; baseline 0.01 -18"><span class='ocrx_word' id='word_1_480' title='bbox 940 1529 1055 1572; x_wconf 75' lang='lat' dir='ltr'>unum</span> <span class='ocrx_word' id='word_1_481' title='bbox 1079 1522 1224 1564; x_wconf 80' lang='lat' dir='ltr'>guttam</span> <span class='ocrx_word' id='word_1_482' title='bbox 1250 1527 1469 1567; x_wconf 83' lang='lat' dir='ltr'>perceperat</span> <span class='ocrx_word' id='word_1_483' title='bbox 1492 1525 1642 1567; x_wconf 80' lang='lat' dir='ltr'>Paulus,</span> <span class='ocrx_word' id='word_1_484' title='bbox 1681 1532 1717 1562; x_wconf 88' lang='lat' dir='ltr'>et</span> 
     </span>
     <span class='ocr_line' id='line_1_85' title="bbox 942 1567 1714 1619; baseline 0.01 -17"><span class='ocrx_word' id='word_1_485' title='bbox 942 1567 1261 1618; x_wconf 36' lang='lat' dir='ltr'>statim-exstinxit</span> <span class='ocrx_word' id='word_1_486' title='bbox 1286 1567 1324 1602; x_wconf 90' lang='lat' dir='ltr'>in</span> <span class='ocrx_word' id='word_1_487' title='bbox 1345 1579 1388 1603; x_wconf 86' lang='lat' dir='ltr'>eo</span> <span class='ocrx_word' id='word_1_488' title='bbox 1413 1580 1563 1607; x_wconf 86' lang='lat' dir='ltr'>omnem</span> <span class='ocrx_word' id='word_1_489' title='bbox 1582 1583 1714 1619; x_wconf 84' lang='lat' dir='ltr'>super-</span> 
     </span>
     <span class='ocr_line' id='line_1_86' title="bbox 941 1614 1717 1666; baseline 0.012 -18"><span class='ocrx_word' id='word_1_490' title='bbox 941 1614 1056 1666; x_wconf 78' lang='lat' dir='ltr'>biam,</span> <span class='ocrx_word' id='word_1_491' title='bbox 1077 1617 1130 1648; x_wconf 80' lang='lat' dir='ltr'>ita</span> <span class='ocrx_word' id='word_1_492' title='bbox 1150 1614 1249 1659; x_wconf 83' lang='lat' dir='ltr'>quod</span> <span class='ocrx_word' id='word_1_493' title='bbox 1269 1614 1432 1651; x_wconf 80' lang='lat' dir='ltr'>ferocem</span> <span class='ocrx_word' id='word_1_494' title='bbox 1449 1618 1576 1663; x_wconf 87' lang='lat' dir='ltr'>lupum</span> <span class='ocrx_word' id='word_1_495' title='bbox 1598 1625 1717 1657; x_wconf 88' lang='lat' dir='ltr'>muta-</span> 
     </span>
     <span class='ocr_line' id='line_1_87' title="bbox 941 1660 1716 1713; baseline 0.013 -19"><span class='ocrx_word' id='word_1_496' title='bbox 941 1660 993 1695; x_wconf 75' lang='lat' dir='ltr'>vit</span> <span class='ocrx_word' id='word_1_497' title='bbox 1014 1671 1053 1695; x_wconf 82' lang='lat' dir='ltr'>in</span> <span class='ocrx_word' id='word_1_498' title='bbox 1075 1670 1213 1706; x_wconf 74' lang='lat' dir='ltr'>agnum</span> <span class='ocrx_word' id='word_1_499' title='bbox 1229 1667 1478 1699; x_wconf 83' lang='lat' dir='ltr'>mansuetum.</span> <span class='ocrx_word' id='word_1_500' title='bbox 1495 1667 1716 1713; x_wconf 78' lang='lat' dir='ltr'>Perceperat</span> 
     </span>
     <span class='ocr_line' id='line_1_88' title="bbox 943 1708 1715 1752; baseline 0.01 -9"><span class='ocrx_word' id='word_1_501' title='bbox 943 1708 1154 1752; x_wconf 80' lang='lat' dir='ltr'>Matthaeus,</span> <span class='ocrx_word' id='word_1_502' title='bbox 1178 1711 1214 1743; x_wconf 89' lang='lat' dir='ltr'>et</span> <span class='ocrx_word' id='word_1_503' title='bbox 1252 1709 1376 1744; x_wconf 87' lang='lat' dir='ltr'>statim</span> <span class='ocrx_word' id='word_1_504' title='bbox 1410 1711 1581 1748; x_wconf 72' lang='lat' dir='ltr'>exstinxit</span> <span class='ocrx_word' id='word_1_505' title='bbox 1613 1714 1650 1750; x_wconf 89' lang='lat' dir='ltr'>in</span> <span class='ocrx_word' id='word_1_506' title='bbox 1671 1727 1715 1751; x_wconf 86' lang='lat' dir='ltr'>eo</span> 
     </span>
     <span class='ocr_line' id='line_1_89' title="bbox 943 1755 1715 1808; baseline 0.012 -18"><span class='ocrx_word' id='word_1_507' title='bbox 943 1755 1324 1808; x_wconf 73' lang='lat' dir='ltr'>omneinavaritiam,</span> <span class='ocrx_word' id='word_1_508' title='bbox 1347 1756 1399 1792; x_wconf 87' lang='lat' dir='ltr'>ita</span> <span class='ocrx_word' id='word_1_509' title='bbox 1420 1760 1519 1803; x_wconf 81' lang='lat' dir='ltr'>quod</span> <span class='ocrx_word' id='word_1_510' title='bbox 1540 1771 1715 1807; x_wconf 82' lang='lat' dir='ltr'>rapacem</span> 
     </span>
     <span class='ocr_line' id='line_1_90' title="bbox 942 1804 1712 1850; baseline 0.012 -13"><span class='ocrx_word' id='word_1_511' title='bbox 942 1805 1125 1838; x_wconf 83' lang='lat' dir='ltr'>convertit</span> <span class='ocrx_word' id='word_1_512' title='bbox 1161 1813 1199 1838; x_wconf 86' lang='lat' dir='ltr'>m</span> <span class='ocrx_word' id='word_1_513' title='bbox 1225 1804 1563 1850; x_wconf 72' lang='lat' dir='ltr'>contemplatorem</span> <span class='ocrx_word' id='word_1_514' title='bbox 1587 1820 1595 1843; x_wconf 91' lang='lat'>:</span> <span class='ocrx_word' id='word_1_515' title='bbox 1626 1820 1712 1846; x_wconf 89' lang='lat' dir='ltr'>nam</span> 
     </span>
     <span class='ocr_line' id='line_1_91' title="bbox 942 1849 1713 1899; baseline 0.012 -15"><span class='ocrx_word' id='word_1_516' title='bbox 942 1850 1004 1895; x_wconf 85' lang='lat' dir='ltr'>qui</span> <span class='ocrx_word' id='word_1_517' title='bbox 1023 1849 1307 1896; x_wconf 79' lang='lat' dir='ltr'>priusrapiehat</span> <span class='ocrx_word' id='word_1_518' title='bbox 1321 1851 1455 1896; x_wconf 80' lang='lat' dir='ltr'>aliena,</span> <span class='ocrx_word' id='word_1_519' title='bbox 1474 1856 1713 1899; x_wconf 84' lang='lat' dir='ltr'>postmodum</span> 
     </span>
     <span class='ocr_line' id='line_1_92' title="bbox 942 1896 1719 1947; baseline 0.013 -16"><span class='ocrx_word' id='word_1_520' title='bbox 942 1896 1167 1942; x_wconf 87' lang='lat' dir='ltr'>contempsit</span> <span class='ocrx_word' id='word_1_521' title='bbox 1188 1898 1351 1944; x_wconf 88' lang='lat' dir='ltr'>propria.</span> <span class='ocrx_word' id='word_1_522' title='bbox 1388 1900 1613 1947; x_wconf 77' lang='lat' dir='ltr'>Porceperat</span> <span class='ocrx_word' id='word_1_523' title='bbox 1644 1906 1719 1940; x_wconf 83' lang='lat' dir='ltr'>Ma-</span> 
     </span>
     <span class='ocr_line' id='line_1_93' title="bbox 941 1944 1715 1996; baseline 0.012 -18"><span class='ocrx_word' id='word_1_524' title='bbox 941 1945 999 1996; x_wconf 72' lang='lat' dir='ltr'>ria</span> <span class='ocrx_word' id='word_1_525' title='bbox 1031 1944 1266 1989; x_wconf 81' lang='lat' dir='ltr'>Magdalena,</span> <span class='ocrx_word' id='word_1_526' title='bbox 1288 1948 1324 1981; x_wconf 90' lang='lat' dir='ltr'>et</span> <span class='ocrx_word' id='word_1_527' title='bbox 1359 1957 1443 1982; x_wconf 73' lang='lat' dir='ltr'>mox</span> <span class='ocrx_word' id='word_1_528' title='bbox 1473 1949 1648 1987; x_wconf 77' lang='lat' dir='ltr'>exstinxit</span> <span class='ocrx_word' id='word_1_529' title='bbox 1677 1952 1715 1987; x_wconf 87' lang='lat' dir='ltr'>in</span> 
     </span>
     <span class='ocr_line' id='line_1_94' title="bbox 940 1991 1715 2043; baseline 0.012 -17"><span class='ocrx_word' id='word_1_530' title='bbox 940 2001 1022 2043; x_wconf 77' lang='lat' dir='ltr'>ipsa</span> <span class='ocrx_word' id='word_1_531' title='bbox 1043 2001 1195 2027; x_wconf 88' lang='lat' dir='ltr'>omnem</span> <span class='ocrx_word' id='word_1_532' title='bbox 1218 1991 1417 2037; x_wconf 81' lang='lat' dir='ltr'>luxuriam,</span> <span class='ocrx_word' id='word_1_533' title='bbox 1439 1994 1491 2031; x_wconf 89' lang='lat' dir='ltr'>ita</span> <span class='ocrx_word' id='word_1_534' title='bbox 1512 1998 1610 2042; x_wconf 79' lang='lat' dir='ltr'>quod</span> <span class='ocrx_word' id='word_1_535' title='bbox 1631 2009 1715 2034; x_wconf 90' lang='lat' dir='ltr'>cor-</span> 
     </span>
     <span class='ocr_line' id='line_1_95' title="bbox 939 2038 1710 2083; baseline 0.013 -11"><span class='ocrx_word' id='word_1_536' title='bbox 939 2038 1103 2073; x_wconf 90' lang='lat' dir='ltr'>mculam</span> <span class='ocrx_word' id='word_1_537' title='bbox 1124 2038 1273 2083; x_wconf 81' lang='lat' dir='ltr'>nigram</span> <span class='ocrx_word' id='word_1_538' title='bbox 1301 2042 1485 2077; x_wconf 85' lang='lat' dir='ltr'>convertit</span> <span class='ocrx_word' id='word_1_539' title='bbox 1504 2043 1544 2078; x_wconf 84' lang='lat' dir='ltr'>in</span> <span class='ocrx_word' id='word_1_540' title='bbox 1565 2045 1710 2082; x_wconf 85' lang='lat' dir='ltr'>colum—</span> 
     </span>
     <span class='ocr_line' id='line_1_96' title="bbox 940 2085 1712 2137; baseline 0.014 -18"><span class='ocrx_word' id='word_1_541' title='bbox 940 2085 1043 2137; x_wconf 44' lang='lat' dir='ltr'>bam·</span> <span class='ocrx_word' id='word_1_542' title='bbox 1060 2085 1274 2122; x_wconf 86' lang='lat' dir='ltr'>candidam.</span> <span class='ocrx_word' id='word_1_543' title='bbox 1303 2107 1347 2113; x_wconf 84' lang='lat'>——</span> <span class='ocrx_word' id='word_1_544' title='bbox 1369 2088 1492 2124; x_wconf 83' lang='lat' dir='ltr'>Tertio</span> <span class='ocrx_word' id='word_1_545' title='bbox 1518 2090 1712 2130; x_wconf 83' lang='lat' dir='ltr'>inducebat</span> 
     </span>
     <span class='ocr_line' id='line_1_97' title="bbox 938 2132 1716 2185; baseline 0.015 -19"><span class='ocrx_word' id='word_1_546' title='bbox 938 2133 1118 2184; x_wconf 80' lang='lat' dir='ltr'>Dominus</span> <span class='ocrx_word' id='word_1_547' title='bbox 1132 2132 1228 2168; x_wconf 82' lang='lat' dir='ltr'>hanc</span> <span class='ocrx_word' id='word_1_548' title='bbox 1245 2133 1441 2171; x_wconf 86' lang='lat' dir='ltr'>mulierem</span> <span class='ocrx_word' id='word_1_549' title='bbox 1458 2140 1494 2172; x_wconf 83' lang='lat' dir='ltr'>et</span> <span class='ocrx_word' id='word_1_550' title='bbox 1515 2148 1584 2173; x_wconf 89' lang='lat' dir='ltr'>nos</span> <span class='ocrx_word' id='word_1_551' title='bbox 1606 2140 1641 2175; x_wconf 89' lang='lat' dir='ltr'>in</span> <span class='ocrx_word' id='word_1_552' title='bbox 1658 2152 1716 2185; x_wconf 84' lang='lat' dir='ltr'>ea,</span> 
     </span>
     <span class='ocr_line' id='line_1_98' title="bbox 939 2179 1716 2231; baseline 0.014 -18"><span class='ocrx_word' id='word_1_553' title='bbox 939 2179 987 2214; x_wconf 86' lang='lat' dir='ltr'>ad</span> <span class='ocrx_word' id='word_1_554' title='bbox 1007 2189 1063 2214; x_wconf 77' lang='lat' dir='ltr'>sui</span> <span class='ocrx_word' id='word_1_555' title='bbox 1077 2179 1353 2231; x_wconf 70' lang='lat' dir='ltr'>cognitionem.</span> <span class='ocrx_word' id='word_1_556' title='bbox 1380 2182 1573 2220; x_wconf 82' lang='lat' dir='ltr'>Gradatim</span> <span class='ocrx_word' id='word_1_557' title='bbox 1593 2190 1716 2224; x_wconf 86' lang='lat' dir='ltr'>autem</span> 
     </span>
     <span class='ocr_line' id='line_1_99' title="bbox 941 2227 1717 2277; baseline 0.015 -17"><span class='ocrx_word' id='word_1_558' title='bbox 941 2227 1179 2262; x_wconf 81' lang='lat' dir='ltr'>Samaritana</span> <span class='ocrx_word' id='word_1_559' title='bbox 1209 2228 1368 2264; x_wconf 83' lang='lat' dir='ltr'>surrexit</span> <span class='ocrx_word' id='word_1_560' title='bbox 1390 2230 1437 2265; x_wconf 88' lang='lat' dir='ltr'>ad</span> <span class='ocrx_word' id='word_1_561' title='bbox 1464 2233 1717 2277; x_wconf 78' lang='lat' dir='ltr'>cognitionem</span> 
     </span>
     <span class='ocr_line' id='line_1_100' title="bbox 940 2273 1719 2325; baseline 0.013 -16"><span class='ocrx_word' id='word_1_562' title='bbox 940 2273 1078 2325; x_wconf 74' lang='lat' dir='ltr'>Christi</span> <span class='ocrx_word' id='word_1_563' title='bbox 1101 2285 1109 2308; x_wconf 75' lang='grc' dir='ltr'>ε</span> <span class='ocrx_word' id='word_1_564' title='bbox 1140 2284 1225 2309; x_wconf 86' lang='lat' dir='ltr'>uam</span> <span class='ocrx_word' id='word_1_565' title='bbox 1259 2275 1379 2320; x_wconf 89' lang='lat' dir='ltr'>primo</span> <span class='ocrx_word' id='word_1_566' title='bbox 1412 2277 1502 2313; x_wconf 78' lang='lat' dir='ltr'>dixit</span> <span class='ocrx_word' id='word_1_567' title='bbox 1525 2291 1610 2317; x_wconf 88' lang='lat' dir='ltr'>eum</span> <span class='ocrx_word' id='word_1_568' title='bbox 1636 2293 1719 2319; x_wconf 83' lang='lat' dir='ltr'>esse</span> 
     </span>
     <span class='ocr_line' id='line_1_101' title="bbox 940 2319 1719 2375; baseline 0.013 -19"><span class='ocrx_word' id='word_1_569' title='bbox 940 2331 1053 2373; x_wconf 73' lang='lat' dir='ltr'>umus</span> <span class='ocrx_word' id='word_1_570' title='bbox 1091 2319 1158 2356; x_wconf 86' lang='lat' dir='ltr'>Dei</span> <span class='ocrx_word' id='word_1_571' title='bbox 1194 2321 1390 2367; x_wconf 89' lang='lat' dir='ltr'>cultorem,</span> <span class='ocrx_word' id='word_1_572' title='bbox 1430 2324 1470 2361; x_wconf 89' lang='lat' dir='ltr'>in</span> <span class='ocrx_word' id='word_1_573' title='bbox 1510 2328 1581 2363; x_wconf 90' lang='lat' dir='ltr'>hoc</span> <span class='ocrx_word' id='word_1_574' title='bbox 1619 2332 1719 2375; x_wconf 83' lang='lat' dir='ltr'>quod</span> 
     </span>
     <span class='ocr_line' id='line_1_102' title="bbox 942 2368 1719 2421; baseline 0.013 -20"><span class='ocrx_word' id='word_1_575' title='bbox 942 2368 1033 2403; x_wconf 78' lang='lat' dir='ltr'>d1x1t</span> <span class='ocrx_word' id='word_1_576' title='bbox 1054 2377 1140 2403; x_wconf 87' lang='lat' dir='ltr'>eum</span> <span class='ocrx_word' id='word_1_577' title='bbox 1174 2378 1256 2421; x_wconf 81' lang='lat' dir='ltr'>esse</span> <span class='ocrx_word' id='word_1_578' title='bbox 1276 2370 1463 2416; x_wconf 78' lang='lat' dir='ltr'>Judaeum,</span> <span class='ocrx_word' id='word_1_579' title='bbox 1487 2377 1523 2410; x_wconf 84' lang='lat' dir='ltr'>et</span> <span class='ocrx_word' id='word_1_580' title='bbox 1548 2375 1619 2412; x_wconf 88' lang='lat' dir='ltr'>hoc</span> <span class='ocrx_word' id='word_1_581' title='bbox 1650 2378 1719 2413; x_wconf 76' lang='lat' dir='ltr'>suit</span> 
     </span>
     <span class='ocr_line' id='line_1_103' title="bbox 942 2415 1719 2461; baseline 0.015 -12"><span class='ocrx_word' id='word_1_582' title='bbox 942 2425 1142 2460; x_wconf 79' lang='lat' dir='ltr'>magnum3</span> <span class='ocrx_word' id='word_1_583' title='bbox 1185 2415 1323 2452; x_wconf 79' lang='lat' dir='ltr'>deinde</span> <span class='ocrx_word' id='word_1_584' title='bbox 1360 2418 1451 2454; x_wconf 83' lang='lat' dir='ltr'>dixit</span> <span class='ocrx_word' id='word_1_585' title='bbox 1496 2432 1581 2458; x_wconf 89' lang='lat' dir='ltr'>eum</span> <span class='ocrx_word' id='word_1_586' title='bbox 1637 2435 1719 2461; x_wconf 84' lang='lat' dir='ltr'>esse</span> 
     </span>
     <span class='ocr_line' id='line_1_104' title="bbox 944 2462 1719 2514; baseline 0.014 -18"><span class='ocrx_word' id='word_1_587' title='bbox 944 2462 1186 2514; x_wconf 80' lang='lat' dir='ltr'>Prophetam,</span> <span class='ocrx_word' id='word_1_588' title='bbox 1208 2466 1245 2498; x_wconf 88' lang='lat' dir='ltr'>et</span> <span class='ocrx_word' id='word_1_589' title='bbox 1275 2464 1347 2501; x_wconf 88' lang='lat' dir='ltr'>hoc</span> <span class='ocrx_word' id='word_1_590' title='bbox 1373 2466 1443 2501; x_wconf 85' lang='lat' dir='ltr'>fuit</span> <span class='ocrx_word' id='word_1_591' title='bbox 1471 2470 1612 2514; x_wconf 72' lang='lat' dir='ltr'>majus,</span> <span class='ocrx_word' id='word_1_592' title='bbox 1634 2475 1719 2507; x_wconf 78' lang='lat' dir='ltr'>tan-</span> 
     </span>
     <span class='ocr_line' id='line_1_105' title="bbox 942 2508 1719 2553; baseline 0.014 -10"><span class='ocrx_word' id='word_1_593' title='bbox 942 2509 1029 2544; x_wconf 89' lang='lat' dir='ltr'>dem</span> <span class='ocrx_word' id='word_1_594' title='bbox 1052 2508 1142 2544; x_wconf 76' lang='lat' dir='ltr'>dixit</span> <span class='ocrx_word' id='word_1_595' title='bbox 1162 2513 1199 2545; x_wconf 86' lang='lat' dir='ltr'>et</span> <span class='ocrx_word' id='word_1_596' title='bbox 1219 2511 1377 2548; x_wconf 86' lang='lat' dir='ltr'>credidit</span> <span class='ocrx_word' id='word_1_597' title='bbox 1398 2524 1481 2550; x_wconf 88' lang='lat' dir='ltr'>eum</span> <span class='ocrx_word' id='word_1_598' title='bbox 1509 2526 1591 2552; x_wconf 81' lang='lat' dir='ltr'>esse</span> <span class='ocrx_word' id='word_1_599' title='bbox 1612 2518 1719 2553; x_wconf 86' lang='lat' dir='ltr'>Chri-</span> 
     </span>
     <span class='ocr_line' id='line_1_106' title="bbox 943 2557 1718 2610; baseline 0.01 -20"><span class='ocrx_word' id='word_1_600' title='bbox 943 2560 1041 2591; x_wconf 82' lang='lat' dir='ltr'>stum</span> <span class='ocrx_word' id='word_1_601' title='bbox 1060 2585 1070 2601; x_wconf 91' lang='lat'>,</span> <span class='ocrx_word' id='word_1_602' title='bbox 1085 2559 1132 2609; x_wconf 33' lang='lat' dir='ltr'>‘et</span> <span class='ocrx_word' id='word_1_603' title='bbox 1150 2557 1221 2610; x_wconf 79' lang='lat' dir='ltr'>hoc</span> <span class='ocrx_word' id='word_1_604' title='bbox 1245 2557 1314 2594; x_wconf 86' lang='lat' dir='ltr'>fuit</span> <span class='ocrx_word' id='word_1_605' title='bbox 1333 2560 1548 2598; x_wconf 79' lang='lat' dir='ltr'>maximum.</span> <span class='ocrx_word' id='word_1_606' title='bbox 1564 2565 1635 2600; x_wconf 81' lang='lat' dir='ltr'>Per</span> <span class='ocrx_word' id='word_1_607' title='bbox 1649 2566 1718 2601; x_wconf 72' lang='lat' dir='ltr'>hos·</span> 
     </span>
     <span class='ocr_line' id='line_1_107' title="bbox 943 2603 1720 2656; baseline 0.012 -19"><span class='ocrx_word' id='word_1_608' title='bbox 943 2603 1055 2656; x_wconf 74' lang='lat' dir='ltr'>datur</span> <span class='ocrx_word' id='word_1_609' title='bbox 1082 2604 1240 2650; x_wconf 71' lang='lat' dir='ltr'>1ntelhgi</span> <span class='ocrx_word' id='word_1_610' title='bbox 1274 2607 1373 2652; x_wconf 85' lang='lat' dir='ltr'>quod</span> <span class='ocrx_word' id='word_1_611' title='bbox 1405 2608 1586 2646; x_wconf 84' lang='lat' dir='ltr'>debemus</span> <span class='ocrx_word' id='word_1_612' title='bbox 1604 2623 1626 2648; x_wconf 87' lang='lat' dir='ltr'>a</span> <span class='ocrx_word' id='word_1_613' title='bbox 1652 2613 1720 2647; x_wconf 81' lang='lat' dir='ltr'>mi-</span> 
     </span>
     <span class='ocr_line' id='line_1_108' title="bbox 941 2652 1714 2702; baseline 0.014 -18"><span class='ocrx_word' id='word_1_614' title='bbox 941 2660 1054 2702; x_wconf 78' lang='lat' dir='ltr'>nimis</span> <span class='ocrx_word' id='word_1_615' title='bbox 1074 2655 1110 2686; x_wconf 82' lang='lat' dir='ltr'>et</span> <span class='ocrx_word' id='word_1_616' title='bbox 1134 2652 1316 2697; x_wconf 89' lang='lat' dir='ltr'>paulatim</span> <span class='ocrx_word' id='word_1_617' title='bbox 1337 2656 1540 2693; x_wconf 88' lang='lat' dir='ltr'>ascendere</span> <span class='ocrx_word' id='word_1_618' title='bbox 1562 2659 1610 2694; x_wconf 84' lang='lat' dir='ltr'>ad</span> <span class='ocrx_word' id='word_1_619' title='bbox 1636 2669 1714 2694; x_wconf 87' lang='lat' dir='ltr'>ma—</span> 
     </span>
     <span class='ocr_line' id='line_1_109' title="bbox 937 2699 1714 2751; baseline 0.012 -19"><span class='ocrx_word' id='word_1_620' title='bbox 937 2707 1035 2743; x_wconf 72' lang='lat' dir='ltr'>jora.</span> <span class='ocrx_word' id='word_1_621' title='bbox 1054 2699 1126 2750; x_wconf 71' lang='lat' dir='ltr'>Iste</span> <span class='ocrx_word' id='word_1_622' title='bbox 1146 2700 1285 2751; x_wconf 38' lang='lat' dir='ltr'>&#39;gradus</span> <span class='ocrx_word' id='word_1_623' title='bbox 1306 2700 1541 2746; x_wconf 79' lang='lat' dir='ltr'>significatur</span> <span class='ocrx_word' id='word_1_624' title='bbox 1563 2704 1601 2740; x_wconf 90' lang='lat' dir='ltr'>in</span> <span class='ocrx_word' id='word_1_625' title='bbox 1622 2707 1714 2741; x_wconf 78' lang='lat' dir='ltr'>Mar-</span> 
     </span>
     <span class='ocr_line' id='line_1_110' title="bbox 942 2745 1710 2799; baseline 0.013 -20"><span class='ocrx_word' id='word_1_626' title='bbox 942 2745 1219 2799; x_wconf 72' lang='lat' dir='ltr'>co,ub1di‹31tur</span> <span class='ocrx_word' id='word_1_627' title='bbox 1232 2758 1240 2782; x_wconf 91' lang='lat'>:</span> <span class='ocrx_word' id='word_1_628' title='bbox 1255 2748 1355 2784; x_wconf 72' lang='lat' dir='ltr'>Ultro</span> <span class='ocrx_word' id='word_1_629' title='bbox 1376 2752 1472 2785; x_wconf 71' lang='lat' dir='ltr'>terra</span> <span class='ocrx_word' id='word_1_630' title='bbox 1485 2753 1685 2797; x_wconf 67' lang='lat' dir='ltr'>fructificat</span> <span class='ocrx_word' id='word_1_631' title='bbox 1704 2765 1710 2789; x_wconf 90' lang='lat'><strong>:</strong></span> 
     </span>
     <span class='ocr_line' id='line_1_111' title="bbox 940 2793 1716 2842; baseline 0.012 -16"><span class='ocrx_word' id='word_1_632' title='bbox 940 2802 1056 2837; x_wconf 79' lang='lat' dir='ltr'>przmo</span> <span class='ocrx_word' id='word_1_633' title='bbox 1086 2793 1245 2836; x_wconf 75' lang='lat' dir='ltr'>herbam,</span> <span class='ocrx_word' id='word_1_634' title='bbox 1269 2795 1399 2831; x_wconf 72' lang='lat' dir='ltr'>deinde</span> <span class='ocrx_word' id='word_1_635' title='bbox 1429 2800 1563 2842; x_wconf 62' lang='lat' dir='ltr'>spicas,</span> <span class='ocrx_word' id='word_1_636' title='bbox 1587 2800 1716 2835; x_wconf 66' lang='lat' dir='ltr'>deinde</span> 
     </span>
    </p>
   </div>
  </div>
 </body>
</html>
