1894 3186
138 207 197 242 170
612 207 756 242 PRIMAE
792 208 949 242 PARTIS
983 207 1120 242 CAPUT
1156 208 1283 242 LXVII

137 276 261 320 Jesus,
270 275 426 322 mystice
438 276 588 321 quidem
600 277 666 314 Dei
678 277 830 314 verbum
843 281 912 319 est,

140 326 178 359 et
199 333 321 359 sermo
342 323 388 359 de
408 323 567 369 Christo,
588 325 651 370 qui
670 325 758 360 dum
781 324 915 361 dividi-

140 374 216 413 tur,
238 373 397 416 augetur
414 381 423 406 :
446 371 492 406 de
508 374 636 418 paucis
656 372 755 408 enim
773 382 913 408 sermo-

138 416 263 461 nibus,
285 419 459 454 omnibus
477 420 623 464 populis
644 419 916 455 redundantem

141 463 359 501 alimoniam
378 465 617 502 ministravit.
638 467 747 503 Dedit
773 476 913 503 sermo·

138 521 207 547 nes
236 511 359 556 nobis,
394 512 493 549 velut
521 524 650 560 panes,
691 515 754 559 qui
789 518 916 550 nostro

148 557 239 594 dum
279 559 445 595 libantur
472 571 550 607 ore,
581 560 840 607 germinantur
865 573 874 597 :
897 575 915 596 »

144 605 226 643 haec
242 606 468 644 Ambrosius.

192 668 233 689 ιο
244 655 403 690 EiusnEM
414 666 579 690 MIRACULI
592 666 918 693 MULTIPLICATIONIS

142 711 261 736 PANUM
276 713 480 737 EXPLICATIO
489 714 700 738 1ν1οῐιΑῙᾸε.--ν
714 704 917 749 Moraliter,

151 758 220 794 per
251 749 448 793 Apostolos
474 748 730 794 intelliguntur
750 751 917 797 praelati;

152 805 221 841 per
241 795 407 840 quinque
429 806 541 839 panes
565 797 795 834 hordeaceos
811 799 918 844 quin-

155 852 228 887 que
248 843 347 878 bona
380 842 601 887 spiritualia,
632 845 766 889 quibus
792 846 919 882 anima

149 899 173 924 a
198 890 275 924 Deo
312 889 477 925 reficitur
515 890 553 925 in
590 893 782 936 praesenti,
819 893 920 929 Sicut

152 935 254 971 enim
292 935 330 970 in
370 936 482 972 domo
515 938 796 982 patrisfamilias
825 941 919 976 solet

152 992 234 1017 esse
255 982 445 1028 multiplex
474 984 597 1028 panis,
624 986 790 1021 scilicet:
829 998 918 1032 pau-

149 1039 294 1075 perum,
317 1029 557 1074 famulorum,
586 1032 764 1076 tiliorum,
799 1034 918 1069 domi-

152 1086 288 1111 norum
334 1080 369 1112 et
395 1077 620 1122 amicorum,
657 1079 709 1115 sic
743 1079 780 1115 in
807 1081 918 1116 domo

133 1122 230 1167 Dei,
242 1133 324 1168 quae
342 1127 397 1159 est
415 1124 686 1168 Ecclesia,sunt
699 1126 846 1162 diversa
859 1138 919 1173 ge-

152 1180 244 1205 nera
266 1181 404 1215 panum
424 1171 685 1216 spiritualium.
713 1194 752 1200 -—
772 1174 921 1210 Primus

153 1219 209 1252 est
228 1217 336 1262 panis
355 1222 497 1253 naturae
521 1222 558 1254 et
577 1220 814 1257 abstinentiae
834 1232 916 1257 cor-

148 1264 310 1309 poralis;
335 1263 394 1300 hic
416 1268 474 1300 est
496 1266 606 1311 panis
632 1278 852 1313 pauperum,
879 1268 917 1304 id

140 1313 199 1346 est
243 1315 491 1357 peccatorum,
523 1314 619 1349 hunc
650 1315 748 1350 enim
780 1326 915 1361 panem

138 1356 296 1404 largitur
316 1358 495 1395 Dominus
514 1360 626 1396 etiam
644 1363 914 1407 peccatoribus,

145 1405 207 1450 qui
244 1416 327 1441 vere
360 1416 543 1452 pauperes
569 1413 676 1452 sunt3
715 1410 760 1445 de
799 1420 842 1445 eo
877 1410 914 1445 in

144 1452 277 1488 Genesi
299 1453 436 1488 dicitur
458 1465 467 1489 z
497 1457 537 1490 In
557 1456 687 1490 sudore
711 1458 834 1491 rcultus
860 1459 914 1491 tui

143 1502 295 1534 vesceris
314 1512 408 1545 pune
428 1504 501 1544 tuo,
524 1505 560 1537 et
595 1502 632 1537 in
655 1502 748 1539 Isaia
769 1516 779 1538 .-
804 1504 915 1538 Dabit

140 1547 209 1581 tibi
227 1549 399 1582 Dominus
412 1558 545 1592 panem
565 1553 718 1593 aretum,
735 1554 767 1584 et
779 1561 913 1595 aquam

143 1593 293 1630 brevem.
323 1596 436 1629 Istum
463 1605 597 1640 panem
618 1596 799 1632 debemus
820 1608 912 1642 pau-

140 1639 293 1686 peribus
338 1642 626 1687 communicare,
670 1643 701 1679 si
743 1645 913 1680 volumus

142 1688 241 1732 quod
268 1688 365 1724 sacta
396 1692 524 1725 nostra
551 1691 626 1725 Deo
672 1690 748 1726 sint
784 1694 910 1736 grata;

141 1733 234 1770 alias
266 1734 365 1770 enim
400 1736 496 1771 bona
522 1740 651 1772 nostra
689 1748 803 1783 opera
837 1739 912 1773 Deo

143 1792 219 1816 non
240 1782 401 1827 placent,
420 1782 492 1818 nisi
515 1784 760 1829 eleemosynis
781 1788 913 1821 ornata

141 1831 241 1863 sunt.
282 1849 329 1855 —-
352 1830 543 1865 Secundus
567 1833 624 1865 est
647 1831 753 1876 panis
796 1832 914 1876 poeni-

144 1875 269 1910 tentiae
289 1874 479 1920 luctualis;
501 1877 561 1912 hic
581 1880 637 1912 est
658 1878 764 1922 panis
793 1879 911 1914 famu-

146 1922 280 1963 lorum,
312 1922 358 1957 de
383 1934 454 1968 quo
487 1923 525 1958 in
554 1924 712 1960 Psalmis
745 1925 881 1962 dicitur
900 1939 911 1961 .-

142 1970 300 2004 Fuerunt
337 1971 429 2005 mihi
467 1972 635 2015 lacrymae
666 1983 750 2008 meae
786 1983 911 2017 pane&

147 2016 207 2051 die
232 2028 275 2051 ac
297 2020 409 2052 nocte.
430 2019 474 2053 Et
494 2017 633 2054 iterum
652 2033 659 2054 z
685 2020 830 2055 cibabis
850 2031 913 2055 nos

138 2073 235 2107 pane
273 2064 531 2110 lacrymarum,
569 2069 603 2101 et
649 2071 775 2111 potum
808 2068 914 2102 dabis

146 2111 247 2145 nobis
273 2112 312 2145 in
336 2112 520 2156 lucrymis,
550 2113 588 2148 in
613 2124 795 2158 mensura,
818 2113 914 2149 scili-

148 2160 204 2191 cet
230 2158 496 2203 proportionis,
526 2159 564 2195 id
603 2164 659 2196 est
695 2171 763 2206 pro
800 2161 911 2197 modo

142 2204 354 2249 culparum3
373 2205 460 2250 quia
480 2210 659 2251 quantum
680 2208 792 2243 homo
813 2208 913 2244 dele-

148 2253 270 2286 ctatus
293 2254 349 2286 est
377 2252 414 2288 in
441 2253 616 2299 peccatis,
638 2258 783 2290 tantum
801 2255 915 2291 debet

144 2307 184 2333 se
209 2298 376 2344 affligere
405 2299 442 2334 in
467 2300 698 2345 poenitentiae
725 2301 912 2339 lamentis„

148 2345 249 2380 Hunc
271 2355 404 2390 panem
430 2346 493 2381 dat
514 2348 707 2391 Dominus,
734 2359 801 2394 per
821 2360 916 2395 prae—

147 2391 244 2427 latos
275 2392 555 2438 poenitentibus‚
591 2394 801 2431 inducendo
851 2407 915 2432 eos

140 2438 190 2474 ad
210 2438 535 2484 contritionem,et
554 2441 782 2487 injungendo
798 2442 916 2489 poeni-

145 2484 313 2521 teutlam.
337 2505 382 2512 —
401 2487 546 2523 Tertius
568 2492 625 2524 est
645 2489 750 2534 panis
768 2489 914 2526 intelle—

145 2532 277 2568 ctualis
311 2536 348 2568 et
378 2533 619 2577 doctrinalis;
648 2535 708 2570 hic
731 2539 787 2571 est
809 2536 916 2582 panis

154 2578 332 2623 filiorum,
353 2580 400 2615 de
431 2591 505 2626 quo
533 2581 572 2616 in
604 2583 804 2627 Evangelio
830 2583 917 2618 dici-

152 2628 214 2661 tur
235 2638 243 2661 :
264 2629 345 2663 Non
381 2630 433 2663 est
457 2628 585 2663 bonum
622 2639 759 2664 sumere
785 2641 916 2675 panem

152 2674 324 2717 filiorum,
345 2676 382 2709 et
399 2673 438 2710 in
460 2673 718 2711 Ecclesiastico
742 2687 750 2711 :
774 2677 915 2712 cibavit

159 2721 262 2755 illum
278 2731 376 2766 pane
395 2723 477 2757 taeit
503 2725 537 2756 et
570 2723 785 2759 intellectus.
810 2724 914 2759 Hunc

151 2776 289 2812 panem
309 2767 496 2804 ministrat
519 2768 699 2805 Dominus
725 2769 912 2814 fidelihus,

154 2823 221 2857 per
246 2814 420 2860 praelatos
451 2819 486 2851 et
522 2818 727 2860 curatores,
758 2817 913 2853 verbum

990 276 1057 314 Dei
1088 277 1323 323 seminando,
1355 289 1659 325 unumquemque
1689 291 1757 327 pro

989 325 1139 361 modulo
1152 335 1217 361 suo
1236 326 1437 371 pascendo.
1460 347 1503 352 -
1523 327 1683 369 Quartus
1702 330 1759 365 est

989 371 1096 418 panis
1116 372 1357 408 Eucharistiae
1372 373 1678 418 sacramentalis;
1698 374 1759 411 hic

990 423 1047 455 est
1082 419 1188 465 panis
1233 419 1483 465 dominorum,
1519 421 1566 456 de
1602 431 1674 467 quo
1718 421 1759 458 in

992 466 1193 512 Evangelio
1223 466 1360 503 dicitur
1390 479 1399 503 ι
1432 470 1508 512 E90
1538 478 1617 503 sum
1651 470 1760 514 panis

989 516 1108 558 vivus,
1142 515 1206 559 qui
1236 515 1279 550 de
1308 516 1390 550 coelo
1421 515 1600 551 descendi.
1640 517 1685 551 Et
1721 515 1760 552 in

990 561 1168 607 Apostolo
1181 574 1191 596 .·
1205 562 1333 598 Probet
1341 566 1459 598 autem
1473 565 1630 607 seipsum
1643 564 1760 608 homo,

993 613 1026 644 et
1046 610 1099 643 sic
1120 609 1163 643 de
1180 619 1276 654 pane
1293 610 1358 644 illo
1381 610 1476 645 edat.
1502 611 1604 645 Hunc
1624 618 1760 656 panem

992 655 1057 691 dat
1073 655 1254 693 Dominus
1278 667 1345 702 per
1361 656 1537 702 praelatos
1558 656 1707 693 mundis
1724 659 1762 693 et

991 706 1148 748 puocato
1169 702 1460 742 dominantibus=
1482 704 1569 748 quia
1596 704 1759 740 immun-

992 750 1050 785 dis
1071 753 1107 785 et
1122 750 1230 786 malis
1250 761 1325 786 non
1342 754 1398 786 est
1415 750 1572 786 dandus.
1589 771 1632 777 —
1648 750 1762 793 Quin-

993 800 1052 832 tus
1073 800 1129 832 est
1158 797 1268 844 panis
1300 797 1507 833 devotionis
1545 797 1760 843 internalis3

992 843 1054 879 hic
1074 848 1130 879 est
1152 845 1260 890 panis
1295 844 1517 889 amicorum,
1553 844 1638 880 licet
1660 844 1762 880 enim

993 891 1261 937 paterfamilias
1300 892 1437 927 habeat
1471 891 1509 927 in
1543 892 1654 927 domo
1694 901 1763 929 sua

992 948 1130 984 panem
1156 940 1310 981 honum,
1325 941 1450 974 tamen
1472 938 1601 974 amicis
1629 949 1760 985 super-

993 984 1229 1021 venientibus
1249 985 1382 1031 quaerit
1394 986 1602 1029 meliorem,
1623 986 1668 1021 de
1689 996 1761 1032 quo

993 1031 1031 1066 in
1048 1031 1143 1067 Isaia
1162 1032 1295 1068 dicitur
1313 1044 1322 1068 2
1347 1035 1430 1068 Erit
1448 1036 1555 1078 punis
1577 1038 1678 1069 terrae
1702 1043 1763 1068 no-

991 1082 1074 1113 strae
1089 1079 1290 1114 uberrimus
1305 1082 1338 1114 et
1354 1082 1518 1124 pinquis.
1542 1082 1618 1115 Duo
1635 1083 1762 1116 autem

993 1125 1112 1171 pisces
1124 1126 1364 1162 dulcorantes
1378 1127 1446 1162 hos
1454 1138 1569 1172 panes
1581 1130 1668 1163 sunt
1679 1136 1763 1173 spes

991 1171 1111 1208 veniae
1132 1176 1169 1208 et
1203 1184 1309 1209 amor
1335 1172 1421 1216 Dei;
1453 1174 1510 1209 vel
1552 1174 1762 1210 intellectus

992 1222 1029 1255 et
1049 1219 1230 1264 operatio,
1255 1219 1357 1266 quia,
1380 1220 1460 1256 sine
1485 1220 1539 1256 eis
1560 1221 1682 1256 nullus
1699 1231 1762 1267 pa-

991 1276 1080 1301 num
1114 1266 1270 1303 istorum
1294 1270 1351 1302 est
1376 1267 1540 1313 sapidus.
1564 1267 1647 1303 Istis
1673 1277 1761 1304 vero

992 1312 1157 1359 quinque
1185 1314 1346 1359 panibus
1369 1318 1406 1350 et
1429 1315 1576 1351 duobus
1597 1314 1762 1360 piscibus

991 1360 1112 1397 reficit
1134 1361 1313 1398 Dominus
1337 1361 1499 1397 animam
1521 1362 1557 1397 in
1584 1361 1762 1407 przesenti

988 1407 1173 1451 effective,
1200 1412 1236 1444 et
1274 1410 1450 1453 praelatus
1483 1409 1703 1445 ministerio.
1731 1408 1761 1445 Ο

988 1465 1098 1501 quam
1120 1454 1205 1490 felix
1225 1456 1350 1491 anima
1367 1459 1422 1491 est
1444 1456 1517 1495 illa,
1534 1457 1634 1502 apud
1648 1465 1761 1501 quam

988 1501 1127 1539 inventi
1149 1502 1286 1538 suerint
1320 1502 1379 1538 isti
1408 1514 1525 1549 panes
1556 1508 1592 1539 et
1626 1503 1759 1548 pisces,

987 1553 1026 1587 ut
1053 1548 1098 1583 de
1120 1559 1164 1585 ea
1186 1549 1330 1585 dicatur
1350 1565 1356 1585 :
1380 1552 1445 1585 Est
1469 1562 1558 1595 puer
1577 1561 1670 1585 uuus
1688 1551 1760 1596 hie,

988 1600 1052 1643 qui
1078 1596 1184 1632 habet
1210 1599 1370 1641 quinque
1390 1608 1502 1642 panes
1526 1601 1558 1632 et
1584 1598 1673 1632 duos
1699 1598 1761 1643 pi-

987 1643 1083 1681 sces!
1121 1644 1191 1680 Per
1226 1654 1383 1689 puerum
1410 1644 1506 1679 enim
1538 1644 1762 1690 intelligitur

988 1687 1112 1728 fidelis
1145 1691 1270 1726 anima
1297 1701 1319 1726 a
1345 1691 1506 1737 puritate
1536 1690 1761 1728 innocentiae

988 1750 1080 1785 puer
1101 1738 1212 1782 dicta,
1252 1748 1334 1782 quae
1367 1739 1404 1773 in
1439 1738 1608 1783 quolibet
1642 1737 1758 1784 fideli,

989 1786 1102 1823 etiam
1129 1784 1288 1820 obnoxio
1328 1785 1503 1830 peccatis,
1547 1786 1658 1821 dehet
1692 1794 1760 1831 per

988 1831 1247 1879 poenitentiam
1270 1833 1452 1877 reparari,
1475 1832 1522 1868 ad
1549 1832 1647 1877 quod
1663 1842 1760 1868 asse·

988 1880 1179 1926 quendum
1212 1879 1453 1923 requiruntur
1491 1879 1657 1924 quinque
1690 1889 1758 1925 pa-

991 1938 1074 1971 nes;
1098 1930 1133 1962 et
1160 1925 1222 1971 qui
1244 1926 1359 1961 habet
1377 1925 1473 1969 illos,
1492 1930 1548 1961 est
1561 1937 1645 1961 vere
1667 1936 1759 1971 puer

988 1973 1244 2019 EvangelicuS.
1267 1993 1312 1998 --
1325 1974 1388 2008 Est
1409 1976 1444 2008 et
1458 1972 1564 2018 panis
1582 1972 1758 2017 coelestis,

990 2031 1102 2065 quein
1130 2019 1255 2056 Sancti
1276 2020 1557 2056 manducabunt
1574 2020 1610 2055 in
1630 2030 1760 2056 mensa

989 2067 1141 2111 Christi,
1168 2067 1214 2102 de
1254 2077 1325 2112 quo
1368 2066 1406 2102 in
1443 2068 1540 2102 Luca
1576 2067 1713 2103 dicitur
1747 2078 1756 2103 :

987 2117 1119 2151 Beatus
1140 2115 1206 2159 qui
1227 2114 1465 2149 manducabit
1486 2125 1617 2159 panem
1643 2116 1681 2150 in
1701 2124 1757 2149 re-

988 2173 1057 2206 9720
1082 2163 1159 2198 Dei.
1182 2162 1226 2196 Et
1245 2161 1290 2196 de
1312 2160 1383 2204 ista
1404 2161 1690 2196 manducatione
1706 2160 1759 2196 di-

988 2209 1084 2244 citur
1103 2208 1140 2243 in
1160 2207 1313 2243 eodem:
1330 2208 1377 2243 Et
1397 2218 1458 2251 eqo
1473 2208 1623 2252 dispono
1642 2208 1756 2252 vobis,

986 2258 1081 2292 sicut
1112 2255 1294 2300 disposuit
1330 2255 1422 2289 mihi
1450 2256 1556 2289 Pater
1587 2265 1685 2290 meus
1707 2264 1759 2290 re-

988 2313 1113 2347 ynum,
1134 2306 1174 2337 ut
1200 2302 1318 2336 edatis
1339 2304 1371 2336 et
1393 2301 1524 2337 bibatis
1543 2312 1650 2347 super
1665 2312 1760 2338 men·

987 2361 1065 2385 sam
1084 2359 1199 2384 meam
1217 2350 1256 2383 in
1272 2358 1380 2391 reque
1398 2359 1488 2383 meo.

1040 2411 1051 2432 1
1063 2411 1076 2432 1
1101 2396 1189 2439 Quin
1205 2406 1281 2430 smr
1299 2406 1456 2435 Qumous
1470 2407 1579 2430 PANES
1599 2407 1634 2430 m
1649 2407 1758 2433 sensu

989 2443 1161 2479 msrico?
1181 2463 1227 2467 —
1246 2442 1436 2477 Moraliter
1456 2442 1568 2477 etiam
1587 2442 1696 2478 simul
1721 2445 1759 2480 et

989 2489 1202 2536 allegorice,
1257 2491 1295 2524 et
1332 2489 1537 2534 anagogice
1572 2488 1756 2525 faciamus

989 2536 1154 2583 quinque
1175 2546 1291 2582 panes
1311 2535 1557 2581 poenitentiae,
1579 2535 1756 2572 doctrinae

989 2587 1026 2619 et
1042 2581 1256 2619 refectionis
1279 2586 1441 2618 aeternae.
1464 2582 1654 2618 Moraliter
1674 2593 1756 2628 poe-

990 2629 1160 2667 nitentiae
1192 2629 1356 2674 quinque
1387 2633 1472 2665 sunt
1507 2639 1645 2674 panes,
1682 2628 1755 2665 sci·

988 2677 1075 2713 licet
1097 2689 1104 2713 :
1128 2677 1233 2721 panis
1258 2675 1570 2721 compunctionis,
1596 2686 1638 2711 ex
1663 2686 1754 2712 con-

987 2723 1214 2760 sideratione
1232 2722 1388 2769 peccati3
1403 2722 1511 2768 panis
1525 2721 1753 2768 afflictionis,

987 2781 1031 2806 ex
1050 2769 1346 2806 consideratione
1376 2769 1564 2805 Passionis
1592 2768 1752 2813 Christi,

986 2828 1097 2863 quem
1119 2817 1181 2854 ille
1199 2816 1372 2860 comedit,
1399 2816 1460 2861 qui
1479 2815 1752 2852 considerando
