1894 3186
146 202 186 236 16

151 272 320 311 custodia
367 275 497 309 nostra
528 273 709 319 quotidie,
751 274 813 319 qui
854 275 922 310 etsi

144 322 222 368 J'am
241 320 295 355 sui
313 320 481 365 corporis
497 330 627 358 somno
647 331 723 357 non
745 319 919 365 dormiat,

147 377 343 404 caveamus
370 371 497 403 tamen
529 378 576 403 ne
610 368 727 404 noztri
757 368 922 412 corporis

142 424 273 450 somno
308 413 415 450 nobis
455 415 617 451 dormiat
657 419 693 450 et
736 416 915 459 quiescat.

142 460 287 497 Dormit
307 461 407 497 enim
426 462 576 507 quaudo
605 462 652 498 ab
683 462 917 498 orationibus

145 512 181 544 et
201 507 307 544 bonis
326 508 502 554 operibus
524 519 722 552 cessamus,
743 513 779 544 et
800 510 914 544 susci-

146 555 283 591 tandus
316 559 404 591 tunc
437 560 490 591 est
522 555 561 590 in
592 556 700 591 nobis
720 556 863 591 crebris
885 560 921 592 et

145 602 287 638 devotis
317 602 503 647 precibus,
533 606 570 638 et
593 603 671 648 ipse
705 601 794 638 facit
827 606 917 638 tunc

144 649 469 694 tranquillitatem,
504 649 591 695 quia
624 650 721 692 facit
744 660 823 685 cum
848 653 920 685 ten-

149 698 287 731 tatione
314 700 559 741 proventum;
589 697 655 731 sed
676 696 766 731 fatui
796 697 918 741 ipsum

141 743 259 788 magis
290 742 504 778 obdormire
526 742 679 782 faciunt,
701 743 736 777 in
758 744 828 778 hoc
846 744 918 778 sci-

141 788 229 824 licet
248 790 348 834 quod
378 791 498 836 magis
519 790 565 826 ad
586 790 796 825 humanum
825 800 918 824 con-

143 835 283 877 silium,
333 846 447 881 quam
493 837 539 872 ad
576 836 743 871 divinum
793 836 918 871 consu-

143 881 264 928 giunt.
303 883 408 918 Unde
445 883 677 928 Auyustinus
718 894 727 917 z
764 892 782 914 «
819 882 917 918 Nihil

142 933 218 964 tarn
237 930 396 964 maxime
417 930 631 974 suggeritur
652 930 816 964 humano
834 940 917 964 eor-

146 975 183 1011 di
203 975 249 1010 ab
269 975 504 1010 invisibiliter
524 975 826 1021 expugnantibus
845 974 918 1010 ini-

142 1022 261 1066 micis,
292 1022 363 1057 nisi
390 1022 489 1067 quod
525 1023 622 1058 Deus
656 1033 732 1058 non
770 1026 824 1057 est
858 1023 920 1058 ad-

141 1070 245 1115 jutor
266 1079 275 1112 3
300 1073 341 1103 ut
368 1069 607 1114 requirentes
633 1069 706 1105 alia
731 1069 920 1113 adjutoria

141 1116 378 1152 inveniamur
412 1115 580 1159 invalidi,
616 1119 653 1151 et
682 1117 728 1151 ab
758 1116 919 1152 inimicis

142 1163 231 1207 ipsis
254 1164 474 1207 capiamur:
504 1176 522 1196 ))
559 1163 639 1198 haec
670 1163 916 1206 Auqustnms.

143 1210 281 1246 Volens
301 1220 390 1256 ergo
421 1209 466 1244 ad
487 1209 705 1244 servitutem
729 1210 793 1244 Dei
810 1221 916 1245 acce-

143 1257 245 1297 dere,
261 1256 466 1291 secundum
493 1256 692 1292 concilium
717 1257 917 1301 Sapientis,

143 1308 331 1348 praeparet
367 1313 406 1338 se
451 1303 499 1339 ad
534 1304 761 1339 tentationes
798 1302 920 1339 immi-

141 1357 286 1388 nentes.
317 1350 409 1386 Cum
445 1350 545 1385 enim
581 1351 662 1395 quis
699 1363 720 1386 a
751 1349 848 1386 vitiis
881 1354 917 1387 et

142 1400 306 1444 peccatis
342 1408 380 1433 se
413 1397 636 1433 subtrahere
665 1397 839 1441 volucrit,
875 1402 917 1433 ut

146 1446 213 1481 ¹soli
252 1447 328 1481 Deo
366 1455 513 1488 vacare,
550 1444 587 1478 id
629 1449 683 1479 est
719 1445 916 1480 intendere

142 1492 258 1538 possit
277 1504 286 1538 3
309 1491 509 1527 commotio
530 1501 667 1536 magna
688 1492 728 1526 lit
750 1493 787 1527 in
821 1492 916 1526 mari

141 1549 207 1575 seu
235 1540 390 1583 mundo,
410 1538 447 1572 id
472 1542 526 1573 est
558 1540 765 1582 persecutio
794 1539 918 1574 multi-

140 1586 239 1632 plex,
274 1588 378 1632 eujus
412 1595 522 1620 causa
557 1589 611 1619 est
642 1585 787 1632 triplex,
823 1585 919 1621 scili-

142 1638 239 1670 cet:
280 1632 458 1677 impulsus
496 1635 708 1676 ventorum,
746 1633 816 1668 hoc
861 1636 950 1670 est:

140 1681 299 1716 tentatio
329 1691 351 1715 a
374 1678 551 1722 diabolo;
587 1680 751 1714 turbatio
783 1680 913 1724 maris,

142 1728 213 1763 hoc
234 1732 289 1762 est
305 1726 463 1761 tentatio
483 1736 504 1760 a
522 1727 663 1760 mundo
684 1739 690 1768 ;
714 1727 913 1761 commotio

141 1774 385 1820 tempestatis,
404 1773 476 1807 hoc
493 1777 546 1807 est
566 1772 724 1808 tentatio
746 1784 768 1808 a
788 1784 913 1817 carne,

142 1832 234 1868 quas
260 1821 486 1856 tentationes
508 1823 637 1854 contra
665 1830 703 1855 se
726 1821 839 1854 sentit
858 1821 914 1855 in-

145 1878 314 1914 surgere.
354 1867 520 1902 Procella
559 1866 659 1901 euim
699 1867 915 1902 tentationis

145 1924 187 1950 ex
219 1914 360 1950 invidia
389 1913 527 1948 diaboli
563 1919 718 1948 conatus
738 1914 914 1959 virijusti

143 1971 166 1997 a
184 1963 283 1997 bono
314 1960 504 2005 proposito
532 1970 766 1995 commovere
798 1964 912 2005 optat,

143 2008 346 2053 aliquando
376 2016 573 2051 pravorum
598 2006 915 2050 persecutionibus

144 2056 318 2097 exterius,
360 2054 560 2097 aliquando
596 2054 757 2097 impulsu
793 2054 912 2089 malo-

143 2111 228 2137 rum
248 2100 514 2146 cogitationum
544 2099 713 2142 interius,
736 2110 917 2135 nonnum-

144 2158 257 2194 quam
289 2147 401 2182 etiam
446 2157 487 2181 ex
527 2146 675 2191 propria
700 2147 917 2193 fragilitate,

144 2195 267 2230 carnis
300 2193 463 2228 stimulo.
499 2192 604 2237 Qui-11,
628 2198 767 2238 quanto
800 2194 919 2239 magis

146 2242 229 2287 quis
250 2242 326 2276 Deo
349 2240 647 2285 appropinquare
686 2240 861 2286 voluerit,
883 2244 920 2276 et

622 202 767 236 PRIMAE
803 201 961 237 PARTIS
998 201 1138 236 CAPUT
1174 201 1285 236 XLVI

999 273 1037 309 in
1071 275 1190 310 Deum
1223 274 1437 320 profecerit,
1471 277 1577 311 tanto
1612 277 1773 323 amplius

999 320 1143 357 invenit
1160 322 1259 366 quod
1279 321 1408 358 durius
1428 326 1575 367 portet;
1596 322 1634 358 in
1650 334 1770 362 exem-

997 367 1058 412 plo
1089 367 1262 404 videlicet
1296 369 1551 404 Israelitarum
1585 370 1650 415 qui
1679 374 1770 408 tunc

997 415 1126 450 durius
1139 426 1160 450 a
1179 416 1374 452 Pharaone
1388 421 1474 451 sunt
1492 416 1636 461 afflicti,
1656 427 1774 463 quan-

997 462 1042 497 do
1075 472 1143 506 per
1174 463 1325 509 Moysen
1345 467 1381 498 et
1404 464 1531 499 Aaron
1553 465 1600 498 ad
1630 468 1771 501 terram

995 509 1252 553 promissionis
1280 513 1367 546 sunt
1401 511 1538 547 vocati.
1567 510 1671 553 Quod
1691 511 1767 547 Do-

993 556 1115 591 minus
1146 556 1259 592 etiam
1292 568 1358 593 suo
1391 558 1558 601 exemplo
1588 557 1767 603 ostendit,

994 602 1145 646 quando
1163 607 1246 648 post
1263 603 1494 648 Baptismum
1527 608 1564 638 et
1579 604 1765 650 jejunium

994 650 1222 686 tentationes
1258 650 1395 686 diaboli
1430 650 1584 695 pertulit
1619 661 1627 694 3
1669 661 1767 697 saepe

994 695 1094 731 enim
1126 701 1209 741 post
1237 697 1523 733 conversionem
1548 707 1615 732 nos
1638 697 1768 734 diabo-

992 742 1048 778 lus
1072 744 1193 778 acrius
1213 747 1347 786 tentat,
1368 753 1491 789 quosa
1506 754 1574 779 sua
1592 745 1770 780 servitute

992 790 1169 825 recedere
1188 790 1402 826 considerat
1421 803 1428 832 ;
1450 790 1513 825 sed
1536 791 1596 825 ille
1618 791 1682 836 qui
1698 801 1769 826 non

993 835 1180 877 dormitat,
1215 848 1331 882 neque
1363 837 1518 872 dormiet
1551 837 1768 873 custodiens

992 883 1119 927 Israel,
1155 885 1259 928 quasi
1296 883 1432 919 dormit
1470 884 1511 918 in
1551 884 1652 928 navi,
1685 893 1769 920 cum

992 933 1158 965 mentem
1204 930 1274 966 viri
1317 930 1407 976 justi
1446 931 1544 966 inter
1581 931 1760 975 procellas

992 977 1245 1012 tentationum
1262 978 1391 1012 durius
1407 979 1588 1021 permittit
1600 978 1762 1024 fatigari.

992 1022 1158 1068 Cumque
1194 1025 1306 1059 sentit
1342 1025 1564 1060 tentationes
1596 1035 1664 1060 sua
1698 1025 1768 1061 vir-

990 1072 1069 1104 tute
1093 1080 1271 1115 superare
1297 1081 1372 1105 non
1400 1081 1521 1115 posse,
1544 1071 1688 1107 accedit
1719 1072 1766 1108 ad

991 1115 1303 1160 omnipotentiam
1322 1115 1388 1152 Dei
1408 1127 1619 1162 recurrens,
1640 1122 1677 1153 et
1693 1128 1770 1155 sus-

990 1162 1080 1198 citat
1097 1162 1294 1199 Dominum
1315 1174 1400 1200 cum
1415 1164 1553 1199 mentis
1571 1165 1769 1202 devotione

990 1208 1042 1244 illi
1079 1211 1397 1256 appropinquans,
1435 1214 1471 1246 et
1505 1221 1610 1246 suam
1646 1210 1763 1258 fragi-

989 1257 1132 1292 litatem
1172 1258 1364 1293 humiliter
1409 1258 1672 1304 recognoscit,
1721 1269 1765 1295 ae

990 1305 1155 1339 divinam
1176 1306 1395 1349 potentiam,
1418 1308 1454 1340 et
1477 1305 1542 1340 Dei
1560 1305 1769 1342 misericor-

990 1351 1090 1386 diam
1119 1351 1354 1387 devotissime
1380 1352 1466 1386 totis
1490 1352 1632 1388 viribus
1656 1361 1766 1389 men-

988 1400 1034 1434 tis
1068 1399 1269 1443 implorare
1303 1409 1378 1434 non
1411 1404 1542 1441 cessat,
1574 1408 1767 1445 quousque

990 1446 1028 1481 in
1062 1446 1119 1480 sui
1159 1446 1386 1490 adjutorium
1426 1445 1595 1482 divinum
1632 1446 1766 1483 excitet

989 1491 1181 1536 auxilium,
1205 1495 1293 1527 tunc
1327 1494 1426 1528 enim
1459 1503 1616 1538 surgens
1646 1493 1762 1539 impe-

988 1544 1047 1575 rat
1072 1539 1191 1575 ventis
1214 1544 1251 1575 et
1270 1540 1391 1583 mari;
1417 1540 1505 1584 quia
1531 1543 1763 1578 tentamenta

989 1587 1128 1622 diaboli
1163 1587 1397 1632 insurgentia
1432 1590 1564 1622 contra
1598 1590 1764 1624 mentem

987 1634 1057 1668 viri
1077 1634 1168 1679 justi
1198 1635 1464 1679 conquiescere
1490 1633 1591 1677 facit,
1613 1637 1649 1669 et
1674 1644 1762 1671 eum

986 1680 1057 1716 sibi
1088 1681 1204 1716 libere
1230 1682 1370 1716 servire
1402 1680 1597 1727 permittit.
1621 1681 1678 1716 Fit
1695 1691 1763 1717 au-

985 1731 1061 1763 tem
1095 1733 1184 1764 tunc
1210 1737 1346 1774 magna
1377 1728 1643 1773 tranquillitas,
1676 1728 1764 1773 quia

985 1775 1146 1819 expulsis
1194 1775 1378 1810 malarum
1416 1775 1666 1810 tentationum
1698 1785 1761 1810 ra-

985 1823 1142 1866 dicibus,
1164 1821 1320 1856 virtutes
1351 1821 1500 1863 animae,
1533 1824 1569 1856 et
1597 1831 1639 1856 ea
1673 1831 1756 1867 quae

985 1869 1087 1913 prius
1125 1879 1200 1903 non
1235 1869 1314 1903 sine
1351 1868 1549 1903 formidine
1583 1868 1758 1904 observa-

985 1915 1062 1958 bat,
1079 1915 1315 1959 postmodum
1335 1915 1436 1949 velut
1455 1914 1678 1950 naturaliter
1694 1925 1762 1960 per

985 1962 1124 1997 bonam
1154 1962 1461 1997 consuetudinem
1489 1960 1673 1997 custodire
1706 1961 1764 1997 in-

987 2009 1088 2053 cipit,
1110 2009 1276 2054 gaudens
1295 2018 1384 2043 cum
1407 2009 1590 2053 Propheta
1616 2012 1652 2043 et
1675 2018 1762 2044 can-

986 2058 1069 2090 tans
1107 2070 1113 2090 :
1155 2056 1340 2090 Declinate
1374 2066 1395 2089 a
1430 2066 1483 2090 me
1519 2055 1687 2099 maliqni,
1727 2057 1760 2091 et

986 2101 1175 2137 scrutabor
1202 2102 1378 2137 mandata
1409 2103 1476 2137 Dei
1506 2103 1599 2144 mei3
1636 2102 1763 2146 sicque

988 2149 1268 2194 transnavigato
1299 2147 1408 2193 mari,
1437 2152 1474 2183 et
1505 2149 1615 2193 hujus
1641 2147 1758 2183 seculi
1787 2192 1791 2194 ῃ

989 2195 1162 2230 fluctibus
1183 2195 1345 2239 calcatiS,
1365 2196 1414 2231 ad
1434 2199 1584 2240 portum
1599 2193 1756 2231 feliciter

991 2242 1161 2286 pervenit
1177 2241 1357 2288 paradisi.

871 2356 1042 2394 ORATIO

194 2451 352 2487 Domine
385 2452 470 2487 Jesu
497 2451 655 2496 Christe,
685 2453 825 2498 impera
856 2455 1140 2501 suggestionum
1173 2457 1210 2490 et
1237 2453 1489 2490 tentationum
1527 2454 1677 2492 flatibus
1707 2459 1745 2492 et

145 2499 308 2535 motibus
322 2509 332 2543 ;
351 2499 435 2534 veni
455 2502 493 2533 et
517 2500 674 2544 gradere
698 2511 808 2545 super
832 2503 953 2537 cordis
976 2502 1124 2545 fluctus,
1146 2504 1187 2536 ut
1215 2511 1348 2536 serena
1364 2503 1401 2535 et
1430 2500 1631 2546 tranquilla
1656 2501 1749 2539 fiant

146 2546 273 2580 omnia
306 2556 402 2581 mea.
424 2546 644 2590 Requiescat
676 2547 713 2581 in
741 2551 791 2592 te,
825 2549 922 2584 Deus
951 2559 1066 2592 mem,
1092 2558 1156 2583 cor
1178 2558 1301 2586 meum,
1323 2560 1332 2593 ς
1351 2558 1415 2582 cor
1441 2558 1543 2583 mare
1571 2558 1747 2594 magnum

143 2595 290 2627 tumens
322 2592 496 2627 fluctibus
528 2593 689 2628 dormiat
719 2594 765 2630 ab
797 2597 968 2631 omnibus
999 2604 1082 2640 quae
1113 2594 1182 2629 sub
1206 2595 1297 2630 coelo
1328 2597 1430 2635 sunt,
1451 2595 1609 2639 vigilans
1628 2595 1667 2630 in
1688 2598 1742 2640 te,

146 2643 330 2685 quatenus
350 2639 553 2683 amplectar
574 2644 609 2674 te
638 2650 750 2675 unum
776 2641 915 2677 bonum
942 2651 1080 2685 meum,
1101 2644 1138 2676 et
1159 2641 1387 2684 contempler
1418 2643 1455 2675 te
1475 2641 1601 2676 lumen
1624 2641 1747 2677 oculo-

144 2695 229 2720 rum
250 2695 435 2729 meorum,
455 2689 491 2720 et
508 2686 740 2722 laetabundus
758 2691 904 2724 cantem
917 2692 953 2724 et
974 2689 1094 2724 dicam
1115 2699 1122 2724 z
1144 2689 1220 2731 qu
1249 2687 1386 2722 dormio
1416 2690 1450 2722 et
1476 2698 1536 2722 cor
1552 2697 1668 2724 meam
1686 2688 1744 2724 vi-

148 2733 245 2777 qilat
259 2745 273 2778 ,-
298 2737 335 2770 et
353 2731 447 2770 illud
467 2745 476 2769 z
496 2733 539 2768 1η
550 2742 642 2779 pace
665 2735 705 2770 in
724 2734 897 2782 idipsum,
921 2736 1099 2772 dormiam
1117 2737 1150 2773 et
1167 2736 1403 2781 requiescam.
1423 2735 1555 2771 Amen.
