1894 3186
154 212 214 243 280
604 209 748 243 PRIMAE
785 211 939 245 PARTIS
977 211 1111 244 CAPUT
1149 210 1339 244 LXXXIII

155 274 315 320 diligens
349 273 540 319 inquisitio
568 274 679 310 debet
713 276 927 321 praecedere

156 321 399 364 sententiatim
418 321 482 357 sed
496 321 548 356 illi
566 322 739 358 volebant
754 333 927 369 perverse

154 372 241 404 ante
263 379 344 403 esse
364 368 603 404 damnatores
630 380 740 414 quam
762 370 927 415 cognito-

152 426 225 451 res.
257 415 441 451 Credebat
467 421 593 451 autem
624 416 860 455 Nicodemus,
898 416 927 452 si

152 462 412 498 tantummodo
431 461 628 499 Dominum
645 465 771 499 Jesum
792 464 929 499 vellent

152 509 340 556 patienter
359 509 502 554 audire,
530 510 629 554 quod
648 511 803 546 verbum
820 510 928 546 Chri-

154 556 201 591 sti
231 559 329 592 esset
359 560 472 592 tantae
494 557 685 600 effica‹·iae,
710 558 808 602 quod
834 558 929 592 sorte

155 603 297 639 similes
311 603 445 640 fierent
463 604 548 645 illis,
572 604 633 649 qui
655 604 702 639 ad
726 604 928 639 tenendum

156 661 240 686 eum
273 650 375 686 missi
400 651 560 693 fuerant,
584 655 621 686 et
643 651 690 686 ad
714 652 825 686 verba
851 651 930 696 ejus

155 697 326 733 conversi
360 703 457 742 sunt,
485 700 521 733 in
552 708 595 733 eo
629 698 727 733 sacto
755 697 802 733 ad
829 698 928 742 quod

156 743 259 779 missi
292 748 419 788 erant;
454 749 491 780 et
523 744 731 788 crederent,
753 745 847 780 sicut
876 744 929 779 illi

155 791 408 827 crediderunt.
433 793 476 827 Et
500 791 583 826 ideo
604 792 750 827 volebat
772 802 837 837 per
860 792 929 827 hoc

155 849 218 874 eos
230 838 405 874 iuducere
421 839 465 873 ad
480 838 708 873 audiendum
727 839 927 879 Christum,

153 889 193 921 ut
211 889 516 921 converterentur
536 896 603 931 per
624 886 736 921 verba
752 886 845 931 ejus,
864 887 930 921 sic-

153 935 195 967 ut
216 932 328 968 etiam
360 932 439 977 ipse
462 932 530 967 fuit
554 943 769 968 conversus.
806 933 929 968 Phari·

154 979 216 1014 saei
241 989 326 1014 vero
351 979 492 1015 invidia
521 984 558 1015 et
587 979 781 1015 iracundia
800 980 927 1026 agitati

153 1037 229 1061 non
252 1025 476 1072 recipientes
497 1027 542 1061 de
566 1025 722 1062 veritate
746 1026 929 1072 persuasi-

153 1083 279 1116 onem,
299 1073 363 1108 sed
384 1073 502 1120 magis
521 1074 722 1109 Nicodemo
742 1073 928 1109 contradi-

154 1127 281 1155 centes
316 1122 578 1166 responderunt
613 1124 646 1156 et
668 1121 843 1156 discerent
864 1123 896 1156 ei
918 1134 928 1156 :

154 1168 342 1212 Numquid
362 1171 395 1202 et
428 1172 466 1203 tu
503 1168 675 1203 Galilaeus
693 1179 727 1203 es
744 1170 761 1203 Σ)
782 1171 828 1204 Et
852 1172 929 1203 tan-

155 1214 239 1249 dem
270 1216 405 1250 reversi
418 1218 502 1250 sunt
520 1214 664 1250 confusi
682 1217 930 1261 unusquisque

1007 277 1046 310 in
1067 275 1210 309 domum
1228 284 1343 316 suam,
1367 277 1402 309 et
1426 273 1466 308 in
1495 272 1656 318 propria,
1677 273 1778 309 nullo

1006 322 1170 368 perfecto
1191 321 1353 366 negotio.
1382 320 1486 356 vacui
1508 320 1595 363 fide,
1617 323 1655 355 et
1680 320 1781 355 frau-

1007 368 1083 405 dati
1103 380 1125 404 a
1145 368 1242 404 malo
1265 367 1450 404 desiderio
1467 378 1553 402 suo:
1572 366 1642 410 vel,
1662 365 1702 402 in
1721 367 1783 402 do-·

1007 426 1109 451 mum
1125 426 1244 458 suam,
1263 414 1301 450 id
1322 419 1377 450 est
1396 414 1434 449 in
1449 415 1638 460 propriam
1658 413 1783 449 cordis

1008 462 1204 506 malitiam,
1227 462 1367 498 scilicet
1392 461 1430 497 in
1457 460 1718 496 infidelitatem
1746 465 1785 496 et

1007 509 1237 555 impietatem
1282 520 1407 550 suam,
1446 508 1554 544 valde
1597 509 1782 552 dolentes,

1008 557 1107 602 quod
1127 557 1249 592 facere
1268 567 1343 591 non
1359 558 1559 602 potueruut
1580 555 1784 590 voluntatis

1008 614 1084 640 suae
1110 605 1359 650 propositum,
1392 602 1477 648 quia
1499 601 1694 638 consilium
1718 612 1783 637 eo-

1006 662 1091 687 rum
1111 661 1178 697 per
1204 650 1425 686 divisionem
1452 649 1520 684 fuit
1546 649 1782 694 dissipatum.

1059 702 1098 734 15
1126 699 1360 734 CONSUETUDO
1403 697 1544 733 Cnmsm
1572 708 1606 731 ix
1645 698 1783 731 BissTnA-

1007 757 1093 781 NIAM
1117 757 1349 780 REVERTnxm.
1372 763 1417 769 —-
1444 746 1546 778 Jesus
1567 746 1698 785 autem,
1722 742 1784 788 qui

1008 793 1275 828 misericordiae
1310 790 1516 826 visceribus
1555 790 1783 833 abundabat,

1007 841 1168 885 perreoez'k
1195 841 1233 873 in
1264 842 1416 873 montem
1442 838 1588 880 oliveti,
1619 836 1655 872 in
1680 838 1784 881 cujus

1008 887 1123 922 latere
1146 885 1327 921 Bethania
1351 890 1445 928 erat,
1473 888 1510 920 ct
1531 884 1662 919 domus
1688 885 1784 918 Mar-

1008 934 1097 976 thae,
1121 934 1158 968 in
1189 944 1264 978 qua
1284 931 1465 978 hospitari
1497 931 1640 967 solvbat
1665 942 1673 966 :
1699 941 1785 966 nam

1010 980 1186 1015 Dominus
1222 982 1315 1015 lianc
1352 979 1421 1015 sibi
1473 977 1784 1014 consuetudinem

1009 1028 1162 1070 fecerat,
1184 1030 1222 1062 ut
1244 1037 1310 1073 per
1331 1026 1444 1069 diem,
1467 1026 1614 1070 quando
1636 1027 1784 1061 ι161050-

1008 1074 1115 1120 lymis
1138 1078 1230 1118 erat,
1256 1076 1291 1109 in
1313 1073 1442 1109 diebus
1462 1073 1567 1108 sestis
1586 1074 1622 1106 in
1643 1073 1784 1116 templo

1007 1121 1245 1168 praedicaret,
1265 1120 1371 1164 signa
1393 1123 1430 1156 et
1458 1121 1639 1155 miracula
1660 1127 1785 1154 osten-

1009 1171 1137 1212 deret;
1161 1172 1197 1204 et
1219 1168 1257 1203 in
1280 1179 1362 1203 sero
1384 1168 1641 1202 revertebatur
1658 1165 1695 1201 in
1717 1167 1785 1201 Be-

1007 1215 1188 1261 thaniam,
1205 1219 1245 1251 ut
1259 1214 1310 1251 ibi
1325 1214 1547 1261 hospitando
1561 1213 1784 1260 quiesceret.

875 1339 1060 1376 ORATIO.

203 1443 362 1480 Domine
380 1445 467 1479 Jesu
486 1442 645 1487 Christe,
669 1443 714 1479 da
733 1444 824 1479 milii
846 1446 958 1481 corde
978 1449 1015 1481 et
1033 1446 1220 1482 desiderio
1241 1447 1444 1482 ascendere
1463 1447 1510 1482 ad
1529 1447 1627 1483 diem
1648 1447 1785 1482 festum

158 1491 410 1528 solemnitatis
431 1495 598 1534 aeternae,
620 1494 730 1525 611116
753 1502 900 1537 semper
921 1493 966 1528 ad
989 1493 1089 1529 illam
1112 1504 1337 1537 praeparare,
1362 1497 1400 1529 ut
1427 1504 1511 1529 cum
1531 1499 1677 1540 tempus
1698 1493 1786 1529 visi-

157 1539 313 1574 tationis
337 1542 411 1573 tuae
433 1538 643 1581 advenerit,
677 1538 724 1573 ad
757 1542 1087 1585 contemplandum
1118 1544 1153 1575 te
1186 1541 1279 1576 facie
1303 1541 1350 1576 ad
1371 1541 1503 1576 faciem
1528 1551 1676 1577 merear
1698 1541 1786 1576 illuc

139 1584 316 1622 feliciter
336 1584 551 1631 pervenire.
587 1585 614 1620 O
634 1585 716 1620 sons
737 1596 844 1631 aquae
867 1586 972 1628 vivre,
996 1587 1082 1623 sitio
1115 1591 1150 1623 et
1172 1587 1346 1624 desidero
1368 1599 1452 1633 ego,
1474 1588 1602 1632 miser,
1623 1588 1785 1634 gratiam

152 1635 275 1676 tuam3
292 1631 400 1668 venio
422 1635 458 1667 et
472 1631 618 1677 suspiro
639 1632 685 1667 ad
704 1636 739 1668 te
762 1637 840 1668 toto
860 1634 994 1670 affectu
1018 1634 1214 1680 requirens
1229 1646 1311 1671 eam
1328 1647 1336 1679 ;
1351 1636 1398 1670 da
1418 1646 1506 1681 ergo
1528 1635 1617 1670 milii
1639 1635 1783 1678 bibere,

151 1684 188 1715 et
208 1684 285 1715 tam
305 1679 546 1715 abundanter
565 1679 610 1714 de
633 1689 677 1714 ea
698 1682 908 1725 percipere,
931 1685 970 1717 ut
991 1682 1089 1717 dona
1109 1682 1316 1728 gratiarum
1339 1686 1374 1717 et
1393 1682 1483 1717 milii
1514 1682 1720 1725 sufficiant,
1749 1685 1787 1717 et

151 1737 218 1772 per
239 1726 541 1762 benevolentium
568 1737 590 1762 a
613 1736 670 1762 me
697 1727 744 1762 ad
769 1729 953 1772 proximos
980 1730 1111 1772 lluant,
1137 1730 1263 1775 eisque
1285 1729 1498 1775 proficiant,
1523 1734 1561 1764 ut
1587 1734 1627 1765 tu
1652 1729 1784 1764 videns

151 1774 189 1809 in
209 1784 268 1809 me
287 1784 380 1819 opus
398 1773 682 1818 misericordiae,
697 1775 883 1811 movearis
894 1777 1115 1822 ampliorem
1128 1776 1288 1821 gratiam
1304 1776 1394 1812 milii
1417 1776 1631 1812 infundere.
1649 1777 1781 1812 Anien.

756 1984 936 2031 CAPUT
974 1986 1196 2031 LXXXIII

544 2128 593 2155 DE
624 2128 796 2156 MULIERE
824 2129 862 2157 IN
886 2129 1109 2158 ADULTERIO
1139 2129 1404 2157 DEPREHENSA.

775 2227 931 2265 Joannis
953 2238 1033 2274 cap.
1053 2228 1146 2262 VIII.

212 2356 223 2377 1
247 2342 326 2377 DUM
343 2342 522 2376 PHAmsm
551 2352 666 2377 comm
694 2342 847 2378 Cmusro
871 2354 934 2378 MU-

157 2400 287 2424 annnii
324 2399 532 2423 ADULTERAM
565 2400 755 2433 Α1661151111,
786 2401 861 2424 IPSE
897 2401 933 2425 m

157 2447 272 2470 TERRA
293 2446 438 2470 SCRIBIT.
463 2455 505 2460 —
540 2436 716 2480 Sequenti
739 2447 827 2471 vero
857 2436 931 2480 die,

1008 2342 1137 2378 dentes
1156 2344 1193 2378 et
1214 2341 1435 2378 insidiantes
1456 2342 1504 2387 ei,
1532 2344 1595 2389 qui
1616 2345 1785 2383 sciebant

1009 2400 1093 2425 eum
1116 2400 1196 2425 esse
1217 2397 1452 2425 mansuetum
1468 2391 1783 2429 etmisericordiae

1008 2436 1306 2482 praedicatorem,
1329 2440 1363 2473 et
1387 2438 1432 2473 ol)
1454 2438 1523 2473 hoc
1547 2440 1685 2475 habere
1709 2451 1784 2486 po—

157 2483 307 2518 dilz'culo
322 2484 451 2517 iterum
462 2483 559 2517 venit
570 2484 677 2518 Jesus
691 2485 731 2518 in
747 2484 931 2528 templum,

160 2530 196 2564 in
218 2539 290 2574 quo
309 2528 519 2564 ostenditur
540 2529 576 2563 in
603 2540 646 2564 eo
671 2531 769 2565 zelus
790 2531 931 2565 anima-

159 2587 256 2620 rum,
279 2579 311 2611 et
331 2577 445 2611 omnis
471 2576 626 2620 populus
645 2579 742 2611 venit
771 2578 818 2611 ad
840 2588 931 2616 eum.

160 2623 198 2658 in
220 2634 292 2668 (1110
313 2625 416 2668 patet
449 2622 595 2657 devotio
617 2623 849 2659 audientium
869 2635 877 2667 ;
901 2628 934 2659 et

160 2670 298 2713 sedens,
321 2670 468 2704 docebat
489 2679 545 2704 eos
575 2669 619 2704 de
647 2670 764 2705 salute
791 2672 931 2706 anima-

161 2727 256 2752 rum.
277 2717 410 2753 Scrz'boe
429 2720 562 2760 autem,
579 2715 641 2761 qui
659 2717 849 2752 habebant
870 2728 933 2752 no-

162 2763 281 2799 titiam
305 2763 594 2810 Scripturarum,
613 2766 645 2797 et
664 2765 854 2807 Pharisaei,
871 2765 932 2809 qui

162 2809 383 2846 videbantur
410 2821 487 2856 prae
516 2809 598 2846 aliis
625 2810 804 2857 religiosi,
837 2810 931 2847 invi-

1009 2485 1083 2529 puli
1103 2483 1263 2528 gratiam
1287 2487 1322 2519 et
1342 2485 1521 2528 savorem,
1544 2487 1733 2522 adducunt
1752 2489 1785 2522 ei

1007 2532 1191 2565 mulierem
1213 2533 1251 2565 in
1266 2531 1445 2566 adulterio
1467 2533 1735 2578 deprehensam,
1748 2537 1785 2569 et

1008 2578 1054 2613 ob
1071 2578 1139 2613 hoc
1154 2577 1358 2613 secundum
1375 2579 1508 2624 Legem
1525 2579 1780 2625 lapidandam.

1007 2627 1054 2660 Et
1084 2627 1289 2659 statuerunt
1316 2635 1393 2659 eam
1423 2628 1463 2661 in
1490 2629 1620 2667 medio,
1644 2631 1683 2662 ut
1700 2638 1781 2663 om-

1010 2673 1113 2706 nium
1131 2682 1195 2707 ore
1209 2671 1525 2707 condemnaretur
1535 2674 1581 2708 ad
1598 2677 1778 2718 mortem;

1008 2719 1201 2762 tentando,
1235 2722 1490 2762 exspectantes
1526 2719 1661 2756 Christi
1693 2731 1782 2756 sen-

1008 2764 1176 2809 tentiam,
1201 2768 1236 2801 et
1269 2769 1478 2810 quaerentes
1500 2768 1588 2811 quid
1622 2768 1666 2802 de
1699 2768 1781 2812 ipsa

1006 2811 1216 2848 faciendum
1244 2816 1355 2859 esset,
1383 2816 1425 2849 ut
1450 2813 1479 2849 si
1503 2823 1585 2851 eam
1618 2813 1778 2861 lapidari
