<?xml version="1.0" encoding="UTF-8"?>
<!DOCTYPE html PUBLIC "-//W3C//DTD XHTML 1.0 Transitional//EN"
    "http://www.w3.org/TR/xhtml1/DTD/xhtml1-transitional.dtd">
<html xmlns="http://www.w3.org/1999/xhtml" xml:lang="en" lang="en">
 <head>
  <title>
</title>
<meta http-equiv="Content-Type" content="text/html;charset=utf-8" />
  <meta name='ocr-system' content='tesseract 3.04.00' />
  <meta name='ocr-capabilities' content='ocr_page ocr_carea ocr_par ocr_line ocrx_word'/>
</head>
<body>
  <div class='ocr_page' id='page_1' title='image "./vitajesuchristie02ludouoft_0225.png"; bbox 0 0 1894 3186; ppageno 0'>
   <div class='ocr_carea' id='block_1_1' title="bbox 588 204 1190 240">
    <p class='ocr_par' dir='ltr' id='par_1_1' title="bbox 588 204 1190 240">
     <span class='ocr_line' id='line_1_1' title="bbox 588 204 1190 240; baseline 0.002 -2"><span class='ocrx_word' id='word_1_1' title='bbox 588 204 641 238; x_wconf 89' lang='lat' dir='ltr'>DE</span> <span class='ocrx_word' id='word_1_2' title='bbox 680 204 948 240; x_wconf 82' lang='lat' dir='ltr'><strong>DAEMONIACO</strong></span> <span class='ocrx_word' id='word_1_3' title='bbox 986 206 1102 239; x_wconf 87' lang='lat' dir='ltr'>CAECO</span> <span class='ocrx_word' id='word_1_4' title='bbox 1140 206 1190 239; x_wconf 88' lang='lat' dir='ltr'>ET</span> 
     </span>
    </p>
   </div>
   <div class='ocr_carea' id='block_1_2' title="bbox 134 271 926 2880">
    <p class='ocr_par' dir='ltr' id='par_1_2' title="bbox 134 271 926 2498">
     <span class='ocr_line' id='line_1_2' title="bbox 152 271 926 313; baseline -0.006 1"><span class='ocrx_word' id='word_1_5' title='bbox 152 287 248 313; x_wconf 89' lang='lat' dir='ltr'>mus.</span> <span class='ocrx_word' id='word_1_6' title='bbox 266 274 332 312; x_wconf 89' lang='lat' dir='ltr'>Ubi</span> <span class='ocrx_word' id='word_1_7' title='bbox 347 272 447 311; x_wconf 88' lang='lat' dir='ltr'>enim</span> <span class='ocrx_word' id='word_1_8' title='bbox 461 271 512 308; x_wconf 88' lang='lat' dir='ltr'>ait</span> <span class='ocrx_word' id='word_1_9' title='bbox 530 284 538 308; x_wconf 93' lang='lat'>:</span> <span class='ocrx_word' id='word_1_10' title='bbox 558 274 677 308; x_wconf 79' lang='lat' dir='ltr'>Facite</span> <span class='ocrx_word' id='word_1_11' title='bbox 691 274 854 310; x_wconf 73' lang='lat' dir='ltr'>arborem</span> <span class='ocrx_word' id='word_1_12' title='bbox 871 274 926 309; x_wconf 88' lang='lat' dir='ltr'>bo-</span> 
     </span>
     <span class='ocr_line' id='line_1_3' title="bbox 150 320 926 368; baseline -0.005 -7"><span class='ocrx_word' id='word_1_13' title='bbox 150 336 234 360; x_wconf 84' lang='lat' dir='ltr'>nam</span> <span class='ocrx_word' id='word_1_14' title='bbox 246 328 278 359; x_wconf 80' lang='lat' dir='ltr'>et</span> <span class='ocrx_word' id='word_1_15' title='bbox 291 325 451 366; x_wconf 72' lang='lat' dir='ltr'>fructum</span> <span class='ocrx_word' id='word_1_16' title='bbox 465 320 543 364; x_wconf 78' lang='lat' dir='ltr'>ejus</span> <span class='ocrx_word' id='word_1_17' title='bbox 559 321 704 365; x_wconf 73' lang='lat' dir='ltr'>bonzcm3</span> <span class='ocrx_word' id='word_1_18' title='bbox 719 324 775 357; x_wconf 88' lang='lat' dir='ltr'>est</span> <span class='ocrx_word' id='word_1_19' title='bbox 790 332 926 368; x_wconf 83' lang='lat' dir='ltr'>praece-</span> 
     </span>
     <span class='ocr_line' id='line_1_4' title="bbox 151 368 925 418; baseline -0.004 -10"><span class='ocrx_word' id='word_1_20' title='bbox 151 375 255 418; x_wconf 88' lang='lat' dir='ltr'>ptum</span> <span class='ocrx_word' id='word_1_21' title='bbox 267 371 428 411; x_wconf 83' lang='lat' dir='ltr'>salubre,</span> <span class='ocrx_word' id='word_1_22' title='bbox 446 368 504 404; x_wconf 88' lang='lat' dir='ltr'>cui</span> <span class='ocrx_word' id='word_1_23' title='bbox 517 368 731 404; x_wconf 87' lang='lat' dir='ltr'>obedientia</span> <span class='ocrx_word' id='word_1_24' title='bbox 746 380 925 405; x_wconf 68' lang='lat' dir='ltr'>net-essa-</span> 
     </span>
     <span class='ocr_line' id='line_1_5' title="bbox 149 415 925 461; baseline -0.004 -6"><span class='ocrx_word' id='word_1_25' title='bbox 149 419 204 455; x_wconf 85' lang='lat' dir='ltr'>ria</span> <span class='ocrx_word' id='word_1_26' title='bbox 216 423 282 455; x_wconf 90' lang='lat' dir='ltr'>est.</span> <span class='ocrx_word' id='word_1_27' title='bbox 298 416 454 461; x_wconf 81' lang='lat' dir='ltr'>Quando</span> <span class='ocrx_word' id='word_1_28' title='bbox 467 419 593 452; x_wconf 85' lang='lat' dir='ltr'>autem</span> <span class='ocrx_word' id='word_1_29' title='bbox 608 415 697 450; x_wconf 77' lang='lat' dir='ltr'>dicit</span> <span class='ocrx_word' id='word_1_30' title='bbox 711 428 718 451; x_wconf 75' lang='grc' dir='ltr'>ε</span> <span class='ocrx_word' id='word_1_31' title='bbox 732 419 853 452; x_wconf 69' lang='lat' dir='ltr'>Facite</span> <span class='ocrx_word' id='word_1_32' title='bbox 867 428 925 452; x_wconf 78' lang='grc' dir='ltr'>αν-</span> 
     </span>
     <span class='ocr_line' id='line_1_6' title="bbox 149 464 922 508; baseline -0.004 -6"><span class='ocrx_word' id='word_1_33' title='bbox 149 467 266 502; x_wconf 81' lang='lat' dir='ltr'>borem</span> <span class='ocrx_word' id='word_1_34' title='bbox 284 466 432 508; x_wconf 79' lang='lat' dir='ltr'>malam,</span> <span class='ocrx_word' id='word_1_35' title='bbox 449 467 483 499; x_wconf 79' lang='lat' dir='ltr'>et</span> <span class='ocrx_word' id='word_1_36' title='bbox 499 465 660 506; x_wconf 69' lang='lat' dir='ltr'>fructum</span> <span class='ocrx_word' id='word_1_37' title='bbox 677 464 755 508; x_wconf 74' lang='lat' dir='ltr'>ejus</span> <span class='ocrx_word' id='word_1_38' title='bbox 772 466 922 506; x_wconf 73' lang='lat' dir='ltr'>molum,</span> 
     </span>
     <span class='ocr_line' id='line_1_7' title="bbox 147 511 925 558; baseline -0.003 -8"><span class='ocrx_word' id='word_1_39' title='bbox 147 525 223 550; x_wconf 88' lang='lat' dir='ltr'>non</span> <span class='ocrx_word' id='word_1_40' title='bbox 255 516 310 549; x_wconf 87' lang='lat' dir='ltr'>est</span> <span class='ocrx_word' id='word_1_41' title='bbox 338 514 581 558; x_wconf 62' lang='lat' dir='ltr'>preeceptum,</span> <span class='ocrx_word' id='word_1_42' title='bbox 611 514 652 546; x_wconf 88' lang='lat' dir='ltr'>ut</span> <span class='ocrx_word' id='word_1_43' title='bbox 678 511 836 557; x_wconf 85' lang='lat' dir='ltr'>faciatis,</span> <span class='ocrx_word' id='word_1_44' title='bbox 859 512 925 548; x_wconf 92' lang='lat' dir='ltr'>sed</span> 
     </span>
     <span class='ocr_line' id='line_1_8' title="bbox 146 558 924 604; baseline -0.003 -8"><span class='ocrx_word' id='word_1_45' title='bbox 146 560 302 597; x_wconf 88' lang='lat' dir='ltr'>monitio</span> <span class='ocrx_word' id='word_1_46' title='bbox 323 563 362 595; x_wconf 83' lang='lat' dir='ltr'>ut</span> <span class='ocrx_word' id='word_1_47' title='bbox 384 558 548 595; x_wconf 83' lang='lat' dir='ltr'>caveatis</span> <span class='ocrx_word' id='word_1_48' title='bbox 571 570 579 594; x_wconf 90' lang='lat'>:</span> <span class='ocrx_word' id='word_1_49' title='bbox 604 571 621 591; x_wconf 85' lang='grc'>))</span> <span class='ocrx_word' id='word_1_50' title='bbox 645 559 725 595; x_wconf 84' lang='lat' dir='ltr'>haec</span> <span class='ocrx_word' id='word_1_51' title='bbox 746 560 924 604; x_wconf 69' lang='lat' dir='ltr'>Achzcstz&#39;-</span> 
     </span>
     <span class='ocr_line' id='line_1_9' title="bbox 145 605 923 653; baseline -0.004 -8"><span class='ocrx_word' id='word_1_52' title='bbox 145 619 227 645; x_wconf 78' lang='lat' dir='ltr'>nus.</span> <span class='ocrx_word' id='word_1_53' title='bbox 252 607 407 651; x_wconf 82' lang='lat' dir='ltr'>Deinde,</span> <span class='ocrx_word' id='word_1_54' title='bbox 427 607 533 652; x_wconf 81' lang='lat' dir='ltr'>quasi</span> <span class='ocrx_word' id='word_1_55' title='bbox 555 605 788 652; x_wconf 81' lang='lat' dir='ltr'>explanando</span> <span class='ocrx_word' id='word_1_56' title='bbox 807 611 842 642; x_wconf 82' lang='lat' dir='ltr'>et</span> <span class='ocrx_word' id='word_1_57' title='bbox 862 617 923 653; x_wconf 83' lang='lat' dir='ltr'>ap-</span> 
     </span>
     <span class='ocr_line' id='line_1_10' title="bbox 145 653 921 699; baseline -0.003 -7"><span class='ocrx_word' id='word_1_58' title='bbox 145 656 258 692; x_wconf 88' lang='lat' dir='ltr'>tando</span> <span class='ocrx_word' id='word_1_59' title='bbox 268 654 404 691; x_wconf 83' lang='lat' dir='ltr'>dictam</span> <span class='ocrx_word' id='word_1_60' title='bbox 414 653 698 689; x_wconf 85' lang='lat' dir='ltr'>similitudinem</span> <span class='ocrx_word' id='word_1_61' title='bbox 711 654 921 699; x_wconf 75' lang='lat' dir='ltr'>l’harisaeis,</span> 
     </span>
     <span class='ocr_line' id='line_1_11' title="bbox 145 701 924 740; baseline -0.003 0"><span class='ocrx_word' id='word_1_62' title='bbox 145 702 310 740; x_wconf 82' lang='lat' dir='ltr'>ostendit</span> <span class='ocrx_word' id='word_1_63' title='bbox 330 701 503 738; x_wconf 86' lang='lat' dir='ltr'>falsitatis</span> <span class='ocrx_word' id='word_1_64' title='bbox 523 711 654 737; x_wconf 90' lang='lat' dir='ltr'>eorum</span> <span class='ocrx_word' id='word_1_65' title='bbox 671 701 836 738; x_wconf 86' lang='lat' dir='ltr'>radicem</span> <span class='ocrx_word' id='word_1_66' title='bbox 855 704 924 738; x_wconf 84' lang='lat' dir='ltr'>Ra-</span> 
     </span>
     <span class='ocr_line' id='line_1_12' title="bbox 145 748 917 794; baseline -0.001 -8"><span class='ocrx_word' id='word_1_67' title='bbox 145 751 206 787; x_wconf 85' lang='lat' dir='ltr'>dix</span> <span class='ocrx_word' id='word_1_68' title='bbox 227 749 327 786; x_wconf 89' lang='lat' dir='ltr'>enim</span> <span class='ocrx_word' id='word_1_69' title='bbox 348 750 420 785; x_wconf 91' lang='lat' dir='ltr'>ista</span> <span class='ocrx_word' id='word_1_70' title='bbox 441 752 521 784; x_wconf 88' lang='lat' dir='ltr'>erat</span> <span class='ocrx_word' id='word_1_71' title='bbox 544 748 686 784; x_wconf 77' lang='lat' dir='ltr'>invidia</span> <span class='ocrx_word' id='word_1_72' title='bbox 707 752 744 785; x_wconf 91' lang='lat' dir='ltr'>et</span> <span class='ocrx_word' id='word_1_73' title='bbox 765 749 892 785; x_wconf 87' lang='lat' dir='ltr'>odium</span> <span class='ocrx_word' id='word_1_74' title='bbox 910 761 917 794; x_wconf 85' lang='lat'>;</span> 
     </span>
     <span class='ocr_line' id='line_1_13' title="bbox 146 796 922 845; baseline -0.001 -11"><span class='ocrx_word' id='word_1_75' title='bbox 146 800 244 845; x_wconf 75' lang='lat' dir='ltr'>quia,</span> <span class='ocrx_word' id='word_1_76' title='bbox 262 798 347 833; x_wconf 84' lang='lat' dir='ltr'>licet</span> <span class='ocrx_word' id='word_1_77' title='bbox 374 796 554 832; x_wconf 81' lang='lat' dir='ltr'>Pharisaei</span> <span class='ocrx_word' id='word_1_78' title='bbox 579 796 718 832; x_wconf 75' lang='lat' dir='ltr'>Scribae</span> <span class='ocrx_word' id='word_1_79' title='bbox 745 800 781 832; x_wconf 89' lang='lat' dir='ltr'>et</span> <span class='ocrx_word' id='word_1_80' title='bbox 799 797 922 842; x_wconf 82' lang='lat' dir='ltr'>Legis-</span> 
     </span>
     <span class='ocr_line' id='line_1_14' title="bbox 144 843 918 892; baseline -0.001 -11"><span class='ocrx_word' id='word_1_81' title='bbox 144 845 255 892; x_wconf 88' lang='lat' dir='ltr'>periti</span> <span class='ocrx_word' id='word_1_82' title='bbox 286 845 408 891; x_wconf 85' lang='lat' dir='ltr'>primo</span> <span class='ocrx_word' id='word_1_83' title='bbox 444 843 690 890; x_wconf 74' lang='lat' dir='ltr'>cognoverint</span> <span class='ocrx_word' id='word_1_84' title='bbox 714 843 918 889; x_wconf 77' lang='lat' dir='ltr'>Christum,</span> 
     </span>
     <span class='ocr_line' id='line_1_15' title="bbox 144 891 904 938; baseline -0.001 -9"><span class='ocrx_word' id='word_1_85' title='bbox 144 904 231 929; x_wconf 89' lang='lat' dir='ltr'>men</span> <span class='ocrx_word' id='word_1_86' title='bbox 247 892 334 938; x_wconf 91' lang='lat' dir='ltr'>quia</span> <span class='ocrx_word' id='word_1_87' title='bbox 373 891 484 938; x_wconf 84' lang='lat' dir='ltr'>coepit</span> <span class='ocrx_word' id='word_1_88' title='bbox 508 892 788 937; x_wconf 80' lang='lat' dir='ltr'>reprehendere</span> <span class='ocrx_word' id='word_1_89' title='bbox 815 891 904 928; x_wconf 83' lang='lat' dir='ltr'>vitia</span> 
     </span>
     <span class='ocr_line' id='line_1_16' title="bbox 144 939 919 985; baseline -0.001 -9"><span class='ocrx_word' id='word_1_90' title='bbox 144 950 290 983; x_wconf 89' lang='lat' dir='ltr'>eorum,</span> <span class='ocrx_word' id='word_1_91' title='bbox 303 939 387 975; x_wconf 90' lang='lat' dir='ltr'>ideo</span> <span class='ocrx_word' id='word_1_92' title='bbox 404 943 657 985; x_wconf 86' lang='lat' dir='ltr'>conceperunt</span> <span class='ocrx_word' id='word_1_93' title='bbox 670 939 797 975; x_wconf 91' lang='lat' dir='ltr'>odium</span> <span class='ocrx_word' id='word_1_94' title='bbox 812 943 848 975; x_wconf 89' lang='lat' dir='ltr'>et</span> <span class='ocrx_word' id='word_1_95' title='bbox 859 939 919 975; x_wconf 83' lang='lat' dir='ltr'>in·</span> 
     </span>
     <span class='ocr_line' id='line_1_17' title="bbox 142 986 921 1033; baseline 0 -10"><span class='ocrx_word' id='word_1_96' title='bbox 142 987 283 1023; x_wconf 83' lang='lat' dir='ltr'>vidiam</span> <span class='ocrx_word' id='word_1_97' title='bbox 305 990 435 1023; x_wconf 86' lang='lat' dir='ltr'>contra</span> <span class='ocrx_word' id='word_1_98' title='bbox 461 986 607 1032; x_wconf 76' lang='lat' dir='ltr'>Ipsum3</span> <span class='ocrx_word' id='word_1_99' title='bbox 631 997 673 1022; x_wconf 80' lang='lat' dir='ltr'>ex</span> <span class='ocrx_word' id='word_1_100' title='bbox 694 987 830 1033; x_wconf 88' lang='lat' dir='ltr'>quibus</span> <span class='ocrx_word' id='word_1_101' title='bbox 851 999 921 1023; x_wconf 87' lang='lat' dir='ltr'>ex-</span> 
     </span>
     <span class='ocr_line' id='line_1_18' title="bbox 143 1033 920 1079; baseline -0.001 -8"><span class='ocrx_word' id='word_1_102' title='bbox 143 1034 287 1078; x_wconf 58' lang='lat' dir='ltr'>caecati,</span> <span class='ocrx_word' id='word_1_103' title='bbox 308 1033 524 1070; x_wconf 86' lang='lat' dir='ltr'>ceciderunt</span> <span class='ocrx_word' id='word_1_104' title='bbox 544 1045 564 1070; x_wconf 86' lang='lat' dir='ltr'>a</span> <span class='ocrx_word' id='word_1_105' title='bbox 582 1034 705 1079; x_wconf 86' lang='lat' dir='ltr'>prima</span> <span class='ocrx_word' id='word_1_106' title='bbox 725 1034 860 1070; x_wconf 90' lang='lat' dir='ltr'>notitia</span> <span class='ocrx_word' id='word_1_107' title='bbox 882 1036 920 1070; x_wconf 89' lang='lat' dir='ltr'>in</span> 
     </span>
     <span class='ocr_line' id='line_1_19' title="bbox 142 1081 920 1128; baseline -0.001 -10"><span class='ocrx_word' id='word_1_108' title='bbox 142 1093 337 1125; x_wconf 74' lang='lat' dir='ltr'>erro-rem,</span> <span class='ocrx_word' id='word_1_109' title='bbox 361 1081 447 1127; x_wconf 87' lang='lat' dir='ltr'>quia</span> <span class='ocrx_word' id='word_1_110' title='bbox 466 1081 556 1117; x_wconf 87' lang='lat' dir='ltr'>talia</span> <span class='ocrx_word' id='word_1_111' title='bbox 578 1082 920 1128; x_wconf 85' lang='lat' dir='ltr'>pervertuntjudi-</span> 
     </span>
     <span class='ocr_line' id='line_1_20' title="bbox 142 1129 919 1172; baseline -0.001 -6"><span class='ocrx_word' id='word_1_112' title='bbox 142 1129 239 1166; x_wconf 85' lang='lat' dir='ltr'>cium</span> <span class='ocrx_word' id='word_1_113' title='bbox 254 1129 414 1165; x_wconf 83' lang='lat' dir='ltr'>rationis</span> <span class='ocrx_word' id='word_1_114' title='bbox 431 1132 594 1172; x_wconf 82' lang='lat' dir='ltr'>rectum3</span> <span class='ocrx_word' id='word_1_115' title='bbox 612 1132 648 1164; x_wconf 88' lang='lat' dir='ltr'>et</span> <span class='ocrx_word' id='word_1_116' title='bbox 662 1132 807 1165; x_wconf 86' lang='lat' dir='ltr'>extunc</span> <span class='ocrx_word' id='word_1_117' title='bbox 822 1129 919 1165; x_wconf 83' lang='lat' dir='ltr'>ince-</span> 
     </span>
     <span class='ocr_line' id='line_1_21' title="bbox 140 1176 920 1223; baseline -0.001 -10"><span class='ocrx_word' id='word_1_118' title='bbox 140 1181 278 1223; x_wconf 89' lang='lat' dir='ltr'>perunt</span> <span class='ocrx_word' id='word_1_119' title='bbox 290 1176 416 1212; x_wconf 83' lang='lat' dir='ltr'>onmia</span> <span class='ocrx_word' id='word_1_120' title='bbox 428 1177 524 1211; x_wconf 80' lang='lat' dir='ltr'>facta</span> <span class='ocrx_word' id='word_1_121' title='bbox 536 1177 615 1221; x_wconf 82' lang='lat' dir='ltr'>ejus</span> <span class='ocrx_word' id='word_1_122' title='bbox 627 1176 867 1221; x_wconf 87' lang='lat' dir='ltr'>interpretari</span> <span class='ocrx_word' id='word_1_123' title='bbox 881 1177 920 1212; x_wconf 90' lang='lat' dir='ltr'>in</span> 
     </span>
     <span class='ocr_line' id='line_1_22' title="bbox 141 1223 919 1269; baseline 0 -9"><span class='ocrx_word' id='word_1_124' title='bbox 141 1225 296 1269; x_wconf 86' lang='lat' dir='ltr'>malum,</span> <span class='ocrx_word' id='word_1_125' title='bbox 318 1224 364 1259; x_wconf 89' lang='lat' dir='ltr'>ad</span> <span class='ocrx_word' id='word_1_126' title='bbox 388 1223 659 1259; x_wconf 83' lang='lat' dir='ltr'>diffamandum</span> <span class='ocrx_word' id='word_1_127' title='bbox 680 1223 815 1269; x_wconf 90' lang='lat' dir='ltr'>ipsum.</span> <span class='ocrx_word' id='word_1_128' title='bbox 851 1224 919 1260; x_wconf 86' lang='lat' dir='ltr'>Os-</span> 
     </span>
     <span class='ocr_line' id='line_1_23' title="bbox 140 1270 917 1316; baseline 0 -9"><span class='ocrx_word' id='word_1_129' title='bbox 140 1272 262 1307; x_wconf 81' lang='lat' dir='ltr'>tendit</span> <span class='ocrx_word' id='word_1_130' title='bbox 281 1282 370 1316; x_wconf 82' lang='lat' dir='ltr'>ergo</span> <span class='ocrx_word' id='word_1_131' title='bbox 406 1270 490 1306; x_wconf 90' lang='lat' dir='ltr'>illos</span> <span class='ocrx_word' id='word_1_132' title='bbox 511 1282 591 1306; x_wconf 85' lang='lat' dir='ltr'>esse</span> <span class='ocrx_word' id='word_1_133' title='bbox 634 1271 773 1306; x_wconf 86' lang='lat' dir='ltr'>malam</span> <span class='ocrx_word' id='word_1_134' title='bbox 805 1272 917 1307; x_wconf 85' lang='lat' dir='ltr'>arbo-</span> 
     </span>
     <span class='ocr_line' id='line_1_24' title="bbox 140 1317 918 1361; baseline -0.003 -6"><span class='ocrx_word' id='word_1_135' title='bbox 140 1329 221 1355; x_wconf 89' lang='lat' dir='ltr'>rem</span> <span class='ocrx_word' id='word_1_136' title='bbox 242 1330 285 1354; x_wconf 84' lang='lat' dir='ltr'>ex</span> <span class='ocrx_word' id='word_1_137' title='bbox 301 1318 400 1354; x_wconf 86' lang='lat' dir='ltr'>mala</span> <span class='ocrx_word' id='word_1_138' title='bbox 422 1317 562 1361; x_wconf 77' lang='lat' dir='ltr'>radice,</span> <span class='ocrx_word' id='word_1_139' title='bbox 585 1320 620 1353; x_wconf 89' lang='lat' dir='ltr'>et</span> <span class='ocrx_word' id='word_1_140' title='bbox 641 1318 760 1353; x_wconf 81' lang='lat' dir='ltr'>malos</span> <span class='ocrx_word' id='word_1_141' title='bbox 774 1318 918 1354; x_wconf 84' lang='lat' dir='ltr'>fructus</span> 
     </span>
     <span class='ocr_line' id='line_1_25' title="bbox 140 1365 918 1411; baseline -0.001 -8"><span class='ocrx_word' id='word_1_142' title='bbox 140 1366 244 1411; x_wconf 88' lang='lat' dir='ltr'>dare,</span> <span class='ocrx_word' id='word_1_143' title='bbox 255 1376 340 1402; x_wconf 84' lang='lat' dir='ltr'>cum</span> <span class='ocrx_word' id='word_1_144' title='bbox 353 1365 560 1401; x_wconf 87' lang='lat' dir='ltr'>intentione</span> <span class='ocrx_word' id='word_1_145' title='bbox 570 1365 693 1401; x_wconf 82' lang='lat' dir='ltr'>cordis</span> <span class='ocrx_word' id='word_1_146' title='bbox 703 1376 833 1401; x_wconf 86' lang='lat' dir='ltr'>eorum</span> <span class='ocrx_word' id='word_1_147' title='bbox 843 1377 918 1402; x_wconf 89' lang='lat' dir='ltr'>ma-</span> 
     </span>
     <span class='ocr_line' id='line_1_26' title="bbox 139 1412 915 1459; baseline 0 -10"><span class='ocrx_word' id='word_1_148' title='bbox 139 1413 221 1450; x_wconf 88' lang='lat' dir='ltr'>litia</span> <span class='ocrx_word' id='word_1_149' title='bbox 257 1413 425 1449; x_wconf 83' lang='lat' dir='ltr'>abundet</span> <span class='ocrx_word' id='word_1_150' title='bbox 458 1413 624 1456; x_wconf 63' lang='lat' dir='ltr'>invidiae,</span> <span class='ocrx_word' id='word_1_151' title='bbox 661 1412 751 1448; x_wconf 90' lang='lat' dir='ltr'>dicit</span> <span class='ocrx_word' id='word_1_152' title='bbox 787 1424 876 1459; x_wconf 79' lang='lat' dir='ltr'>ergo</span> <span class='ocrx_word' id='word_1_153' title='bbox 908 1425 915 1449; x_wconf 91' lang='lat'>:</span> 
     </span>
     <span class='ocr_line' id='line_1_27' title="bbox 139 1462 914 1506; baseline -0.001 -9"><span class='ocrx_word' id='word_1_154' title='bbox 139 1463 332 1505; x_wconf 70' lang='lat' dir='ltr'>Proqenz&#39;es</span> <span class='ocrx_word' id='word_1_155' title='bbox 365 1471 430 1496; x_wconf 89' lang='lat' dir='ltr'>seu</span> <span class='ocrx_word' id='word_1_156' title='bbox 464 1462 651 1504; x_wconf 63' lang='lat' dir='ltr'>genimina</span> <span class='ocrx_word' id='word_1_157' title='bbox 690 1462 914 1506; x_wconf 68' lang='lat' dir='ltr'>viperarum,</span> 
     </span>
     <span class='ocr_line' id='line_1_28' title="bbox 139 1507 919 1544; baseline 0.001 -1"><span class='ocrx_word' id='word_1_158' title='bbox 139 1508 178 1544; x_wconf 93' lang='lat' dir='ltr'>id</span> <span class='ocrx_word' id='word_1_159' title='bbox 199 1513 254 1544; x_wconf 89' lang='lat' dir='ltr'>est</span> <span class='ocrx_word' id='word_1_160' title='bbox 273 1507 441 1544; x_wconf 87' lang='lat' dir='ltr'>venerati</span> <span class='ocrx_word' id='word_1_161' title='bbox 467 1507 535 1542; x_wconf 87' lang='lat' dir='ltr'>filii</span> <span class='ocrx_word' id='word_1_162' title='bbox 565 1511 836 1543; x_wconf 87' lang='lat' dir='ltr'>venenatorum</span> <span class='ocrx_word' id='word_1_163' title='bbox 856 1510 919 1544; x_wconf 90' lang='lat' dir='ltr'>Ju-</span> 
     </span>
     <span class='ocr_line' id='line_1_29' title="bbox 140 1554 916 1600; baseline 0 -9"><span class='ocrx_word' id='word_1_164' title='bbox 140 1556 333 1599; x_wconf 81' lang='lat' dir='ltr'>daeorum3</span> <span class='ocrx_word' id='word_1_165' title='bbox 363 1554 451 1600; x_wconf 86' lang='lat' dir='ltr'>quia</span> <span class='ocrx_word' id='word_1_166' title='bbox 481 1565 665 1590; x_wconf 85' lang='lat' dir='ltr'>venenum</span> <span class='ocrx_word' id='word_1_167' title='bbox 693 1554 842 1591; x_wconf 83' lang='lat' dir='ltr'>invidiae</span> <span class='ocrx_word' id='word_1_168' title='bbox 873 1566 916 1591; x_wconf 86' lang='lat' dir='ltr'>ex</span> 
     </span>
     <span class='ocr_line' id='line_1_30' title="bbox 139 1601 914 1649; baseline 0.001 -12"><span class='ocrx_word' id='word_1_169' title='bbox 139 1602 272 1639; x_wconf 88' lang='lat' dir='ltr'>vestris</span> <span class='ocrx_word' id='word_1_170' title='bbox 292 1602 511 1648; x_wconf 86' lang='lat' dir='ltr'>parentibus</span> <span class='ocrx_word' id='word_1_171' title='bbox 532 1601 710 1645; x_wconf 73' lang='lat' dir='ltr'>traxistis,</span> <span class='ocrx_word' id='word_1_172' title='bbox 740 1602 801 1647; x_wconf 89' lang='lat' dir='ltr'>qui</span> <span class='ocrx_word' id='word_1_173' title='bbox 829 1613 914 1649; x_wconf 90' lang='lat' dir='ltr'>per-</span> 
     </span>
     <span class='ocr_line' id='line_1_31' title="bbox 139 1649 915 1695; baseline 0 -9"><span class='ocrx_word' id='word_1_174' title='bbox 139 1650 257 1686; x_wconf 82' lang='lat' dir='ltr'>secuti</span> <span class='ocrx_word' id='word_1_175' title='bbox 284 1652 371 1685; x_wconf 85' lang='lat' dir='ltr'>sunt</span> <span class='ocrx_word' id='word_1_176' title='bbox 398 1650 606 1695; x_wconf 72' lang='lat' dir='ltr'>Prophetas</span> <span class='ocrx_word' id='word_1_177' title='bbox 627 1660 670 1685; x_wconf 86' lang='lat' dir='ltr'>ex</span> <span class='ocrx_word' id='word_1_178' title='bbox 694 1649 849 1691; x_wconf 77' lang='lat' dir='ltr'>invidia,</span> <span class='ocrx_word' id='word_1_179' title='bbox 878 1653 915 1686; x_wconf 89' lang='lat' dir='ltr'>et</span> 
     </span>
     <span class='ocr_line' id='line_1_32' title="bbox 138 1696 913 1743; baseline 0 -10"><span class='ocrx_word' id='word_1_180' title='bbox 138 1708 204 1733; x_wconf 88' lang='lat' dir='ltr'>vos</span> <span class='ocrx_word' id='word_1_181' title='bbox 225 1708 269 1733; x_wconf 78' lang='lat' dir='ltr'>ex</span> <span class='ocrx_word' id='word_1_182' title='bbox 298 1697 429 1733; x_wconf 87' lang='lat' dir='ltr'>eadem</span> <span class='ocrx_word' id='word_1_183' title='bbox 460 1696 607 1732; x_wconf 85' lang='lat' dir='ltr'>ratione</span> <span class='ocrx_word' id='word_1_184' title='bbox 643 1697 913 1743; x_wconf 85' lang='lat' dir='ltr'>persequimini</span> 
     </span>
     <span class='ocr_line' id='line_1_33' title="bbox 137 1744 912 1790; baseline 0.001 -10"><span class='ocrx_word' id='word_1_185' title='bbox 137 1755 198 1780; x_wconf 92' lang='lat' dir='ltr'>me</span> <span class='ocrx_word' id='word_1_186' title='bbox 216 1748 362 1790; x_wconf 81' lang='lat' dir='ltr'>patrem</span> <span class='ocrx_word' id='word_1_187' title='bbox 384 1744 587 1788; x_wconf 81' lang='lat' dir='ltr'>Christum,</span> <span class='ocrx_word' id='word_1_188' title='bbox 604 1747 641 1780; x_wconf 87' lang='lat' dir='ltr'>et</span> <span class='ocrx_word' id='word_1_189' title='bbox 662 1748 825 1780; x_wconf 80' lang='lat' dir='ltr'>matrem</span> <span class='ocrx_word' id='word_1_190' title='bbox 845 1747 912 1781; x_wconf 78' lang='lat' dir='ltr'>Ec-</span> 
     </span>
     <span class='ocr_line' id='line_1_34' title="bbox 137 1792 911 1837; baseline -0.001 -9"><span class='ocrx_word' id='word_1_191' title='bbox 137 1792 304 1835; x_wconf 89' lang='lat' dir='ltr'>clesiam,</span> <span class='ocrx_word' id='word_1_192' title='bbox 325 1792 500 1837; x_wconf 79' lang='lat' dir='ltr'>quomodo</span> <span class='ocrx_word' id='word_1_193' title='bbox 519 1793 670 1837; x_wconf 74' lang='lat' dir='ltr'>potestis</span> <span class='ocrx_word' id='word_1_194' title='bbox 690 1793 781 1827; x_wconf 83' lang='lat' dir='ltr'>bona</span> <span class='ocrx_word' id='word_1_195' title='bbox 797 1794 911 1837; x_wconf 77' lang='lat' dir='ltr'>loqui,</span> 
     </span>
     <span class='ocr_line' id='line_1_35' title="bbox 136 1838 913 1882; baseline 0.001 -8"><span class='ocrx_word' id='word_1_196' title='bbox 136 1850 217 1875; x_wconf 82' lang='lat' dir='ltr'>cum</span> <span class='ocrx_word' id='word_1_197' title='bbox 243 1841 326 1874; x_wconf 73' lang='lat' dir='ltr'>sitis</span> <span class='ocrx_word' id='word_1_198' title='bbox 349 1840 468 1874; x_wconf 75' lang='lat' dir='ltr'>mali?</span> <span class='ocrx_word' id='word_1_199' title='bbox 494 1838 608 1882; x_wconf 86' lang='lat' dir='ltr'>Quasi</span> <span class='ocrx_word' id='word_1_200' title='bbox 633 1838 774 1875; x_wconf 85' lang='lat' dir='ltr'>diceret</span> <span class='ocrx_word' id='word_1_201' title='bbox 800 1851 807 1875; x_wconf 93' lang='lat'>:</span> <span class='ocrx_word' id='word_1_202' title='bbox 831 1841 913 1875; x_wconf 89' lang='lat' dir='ltr'>Non</span> 
     </span>
     <span class='ocr_line' id='line_1_36' title="bbox 136 1886 915 1933; baseline 0.001 -11"><span class='ocrx_word' id='word_1_203' title='bbox 136 1886 294 1933; x_wconf 90' lang='lat' dir='ltr'>potestis</span> <span class='ocrx_word' id='word_1_204' title='bbox 326 1886 372 1922; x_wconf 91' lang='lat' dir='ltr'>de</span> <span class='ocrx_word' id='word_1_205' title='bbox 410 1896 469 1922; x_wconf 90' lang='lat' dir='ltr'>me</span> <span class='ocrx_word' id='word_1_206' title='bbox 492 1887 593 1922; x_wconf 86' lang='lat' dir='ltr'>bona</span> <span class='ocrx_word' id='word_1_207' title='bbox 629 1886 745 1932; x_wconf 81' lang='lat' dir='ltr'>loqui,</span> <span class='ocrx_word' id='word_1_208' title='bbox 774 1886 915 1923; x_wconf 86' lang='lat' dir='ltr'>invidia</span> 
     </span>
     <span class='ocr_line' id='line_1_37' title="bbox 136 1933 913 1980; baseline 0.003 -11"><span class='ocrx_word' id='word_1_209' title='bbox 136 1933 381 1980; x_wconf 84' lang='lat' dir='ltr'>prohibente3</span> <span class='ocrx_word' id='word_1_210' title='bbox 412 1944 495 1969; x_wconf 81' lang='lat' dir='ltr'>cum</span> <span class='ocrx_word' id='word_1_211' title='bbox 533 1933 633 1969; x_wconf 88' lang='lat' dir='ltr'>enim</span> <span class='ocrx_word' id='word_1_212' title='bbox 679 1933 760 1970; x_wconf 88' lang='lat' dir='ltr'>sitis</span> <span class='ocrx_word' id='word_1_213' title='bbox 799 1936 913 1971; x_wconf 85' lang='lat' dir='ltr'>arbor</span> 
     </span>
     <span class='ocr_line' id='line_1_38' title="bbox 137 1979 913 2026; baseline 0.001 -10"><span class='ocrx_word' id='word_1_214' title='bbox 137 1981 250 2025; x_wconf 86' lang='lat' dir='ltr'>mala,</span> <span class='ocrx_word' id='word_1_215' title='bbox 273 1991 348 2016; x_wconf 88' lang='lat' dir='ltr'>non</span> <span class='ocrx_word' id='word_1_216' title='bbox 374 1979 546 2026; x_wconf 89' lang='lat' dir='ltr'>poteritis</span> <span class='ocrx_word' id='word_1_217' title='bbox 582 1981 743 2016; x_wconf 86' lang='lat' dir='ltr'>fructum</span> <span class='ocrx_word' id='word_1_218' title='bbox 770 1982 913 2017; x_wconf 89' lang='lat' dir='ltr'>bonum</span> 
     </span>
     <span class='ocr_line' id='line_1_39' title="bbox 136 2027 913 2074; baseline 0.003 -11"><span class='ocrx_word' id='word_1_219' title='bbox 136 2028 254 2072; x_wconf 88' lang='lat' dir='ltr'>ferre;</span> <span class='ocrx_word' id='word_1_220' title='bbox 277 2027 383 2063; x_wconf 89' lang='lat' dir='ltr'>utilia</span> <span class='ocrx_word' id='word_1_221' title='bbox 401 2027 551 2074; x_wconf 89' lang='lat' dir='ltr'>quidem</span> <span class='ocrx_word' id='word_1_222' title='bbox 572 2028 654 2064; x_wconf 86' lang='lat' dir='ltr'>aliis</span> <span class='ocrx_word' id='word_1_223' title='bbox 681 2032 838 2074; x_wconf 84' lang='lat' dir='ltr'>possunt</span> <span class='ocrx_word' id='word_1_224' title='bbox 858 2029 913 2065; x_wconf 92' lang='lat' dir='ltr'>lo-</span> 
     </span>
     <span class='ocr_line' id='line_1_40' title="bbox 138 2075 916 2121; baseline 0.001 -11"><span class='ocrx_word' id='word_1_225' title='bbox 138 2075 215 2121; x_wconf 85' lang='lat' dir='ltr'>qui,</span> <span class='ocrx_word' id='word_1_226' title='bbox 239 2076 303 2111; x_wconf 90' lang='lat' dir='ltr'>sed</span> <span class='ocrx_word' id='word_1_227' title='bbox 333 2086 409 2111; x_wconf 85' lang='lat' dir='ltr'>non</span> <span class='ocrx_word' id='word_1_228' title='bbox 436 2075 629 2111; x_wconf 86' lang='lat' dir='ltr'>meritoria</span> <span class='ocrx_word' id='word_1_229' title='bbox 658 2075 742 2111; x_wconf 90' lang='lat' dir='ltr'>sibi.</span> <span class='ocrx_word' id='word_1_230' title='bbox 769 2075 837 2112; x_wconf 88' lang='lat' dir='ltr'>Ubi</span> <span class='ocrx_word' id='word_1_231' title='bbox 863 2075 916 2112; x_wconf 87' lang='lat' dir='ltr'>ait</span> 
     </span>
     <span class='ocr_line' id='line_1_41' title="bbox 139 2123 915 2168; baseline -0.001 -9"><span class='ocrx_word' id='word_1_232' title='bbox 139 2124 410 2167; x_wconf 71' lang='lat' dir='ltr'>chrysostomus</span> <span class='ocrx_word' id='word_1_233' title='bbox 433 2134 440 2158; x_wconf 93' lang='lat'>:</span> <span class='ocrx_word' id='word_1_234' title='bbox 466 2137 483 2154; x_wconf 70' lang='grc' dir='ltr'>ι(</span> <span class='ocrx_word' id='word_1_235' title='bbox 503 2123 583 2158; x_wconf 89' lang='lat' dir='ltr'>Non</span> <span class='ocrx_word' id='word_1_236' title='bbox 610 2126 733 2168; x_wconf 86' lang='lat' dir='ltr'>potest</span> <span class='ocrx_word' id='word_1_237' title='bbox 757 2123 852 2168; x_wconf 84' lang='lat' dir='ltr'>fieri,</span> <span class='ocrx_word' id='word_1_238' title='bbox 875 2126 915 2159; x_wconf 93' lang='lat' dir='ltr'>ut</span> 
     </span>
     <span class='ocr_line' id='line_1_42' title="bbox 137 2169 912 2216; baseline 0 -10"><span class='ocrx_word' id='word_1_239' title='bbox 137 2169 211 2206; x_wconf 84' lang='lat' dir='ltr'>alia</span> <span class='ocrx_word' id='word_1_240' title='bbox 232 2170 405 2215; x_wconf 83' lang='lat' dir='ltr'>germina</span> <span class='ocrx_word' id='word_1_241' title='bbox 427 2170 697 2215; x_wconf 82' lang='lat' dir='ltr'>producantur,</span> <span class='ocrx_word' id='word_1_242' title='bbox 721 2169 793 2205; x_wconf 90' lang='lat' dir='ltr'>nisi</span> <span class='ocrx_word' id='word_1_243' title='bbox 821 2181 912 2216; x_wconf 90' lang='lat' dir='ltr'>qua-</span> 
     </span>
     <span class='ocr_line' id='line_1_43' title="bbox 137 2217 915 2254; baseline 0.001 -2"><span class='ocrx_word' id='word_1_244' title='bbox 137 2217 184 2253; x_wconf 90' lang='lat' dir='ltr'>lis</span> <span class='ocrx_word' id='word_1_245' title='bbox 216 2217 331 2253; x_wconf 87' lang='lat' dir='ltr'>fuerit</span> <span class='ocrx_word' id='word_1_246' title='bbox 363 2217 468 2253; x_wconf 82' lang='lat' dir='ltr'>radix</span> <span class='ocrx_word' id='word_1_247' title='bbox 499 2217 537 2252; x_wconf 88' lang='lat' dir='ltr'>in</span> <span class='ocrx_word' id='word_1_248' title='bbox 576 2222 689 2253; x_wconf 89' lang='lat' dir='ltr'>terra.</span> <span class='ocrx_word' id='word_1_249' title='bbox 732 2218 915 2254; x_wconf 79' lang='lat' dir='ltr'>Voluntas</span> 
     </span>
     <span class='ocr_line' id='line_1_44' title="bbox 136 2263 910 2309; baseline 0.001 -9"><span class='ocrx_word' id='word_1_250' title='bbox 136 2263 238 2300; x_wconf 88' lang='lat' dir='ltr'>enim</span> <span class='ocrx_word' id='word_1_251' title='bbox 257 2264 451 2300; x_wconf 88' lang='lat' dir='ltr'>hominum</span> <span class='ocrx_word' id='word_1_252' title='bbox 470 2264 575 2300; x_wconf 82' lang='lat' dir='ltr'>radix</span> <span class='ocrx_word' id='word_1_253' title='bbox 603 2268 658 2300; x_wconf 86' lang='lat' dir='ltr'>est</span> <span class='ocrx_word' id='word_1_254' title='bbox 677 2277 685 2309; x_wconf 82' lang='lat'>3</span> <span class='ocrx_word' id='word_1_255' title='bbox 709 2266 825 2301; x_wconf 86' lang='lat' dir='ltr'>verba</span> <span class='ocrx_word' id='word_1_256' title='bbox 845 2276 910 2301; x_wconf 88' lang='lat' dir='ltr'>au-</span> 
     </span>
     <span class='ocr_line' id='line_1_45' title="bbox 134 2312 911 2358; baseline 0.001 -11"><span class='ocrx_word' id='word_1_257' title='bbox 134 2314 211 2347; x_wconf 90' lang='lat' dir='ltr'>tem</span> <span class='ocrx_word' id='word_1_258' title='bbox 232 2316 268 2347; x_wconf 90' lang='lat' dir='ltr'>et</span> <span class='ocrx_word' id='word_1_259' title='bbox 287 2323 415 2358; x_wconf 85' lang='lat' dir='ltr'>opera,</span> <span class='ocrx_word' id='word_1_260' title='bbox 437 2313 579 2348; x_wconf 85' lang='lat' dir='ltr'>fructus</span> <span class='ocrx_word' id='word_1_261' title='bbox 593 2316 678 2348; x_wconf 86' lang='lat' dir='ltr'>sunt</span> <span class='ocrx_word' id='word_1_262' title='bbox 694 2312 911 2349; x_wconf 84' lang='lat' dir='ltr'>voluntatis.</span> 
     </span>
     <span class='ocr_line' id='line_1_46' title="bbox 135 2359 913 2406; baseline 0.001 -12"><span class='ocrx_word' id='word_1_263' title='bbox 135 2359 223 2395; x_wconf 90' lang='lat' dir='ltr'>Ideo</span> <span class='ocrx_word' id='word_1_264' title='bbox 244 2359 355 2405; x_wconf 85' lang='lat' dir='ltr'>quale</span> <span class='ocrx_word' id='word_1_265' title='bbox 374 2370 438 2394; x_wconf 86' lang='lat' dir='ltr'>cor</span> <span class='ocrx_word' id='word_1_266' title='bbox 455 2359 710 2406; x_wconf 82' lang='lat' dir='ltr'>unusquisque</span> <span class='ocrx_word' id='word_1_267' title='bbox 726 2359 913 2405; x_wconf 89' lang='lat' dir='ltr'>habuerit,</span> 
     </span>
     <span class='ocr_line' id='line_1_47' title="bbox 134 2405 912 2453; baseline 0.003 -12"><span class='ocrx_word' id='word_1_268' title='bbox 134 2405 225 2442; x_wconf 87' lang='lat' dir='ltr'>talia</span> <span class='ocrx_word' id='word_1_269' title='bbox 257 2409 292 2442; x_wconf 91' lang='lat' dir='ltr'>et</span> <span class='ocrx_word' id='word_1_270' title='bbox 318 2406 433 2442; x_wconf 86' lang='lat' dir='ltr'>verba</span> <span class='ocrx_word' id='word_1_271' title='bbox 462 2406 641 2452; x_wconf 81' lang='lat' dir='ltr'>loquitur,</span> <span class='ocrx_word' id='word_1_272' title='bbox 665 2411 701 2443; x_wconf 90' lang='lat' dir='ltr'>et</span> <span class='ocrx_word' id='word_1_273' title='bbox 721 2417 836 2453; x_wconf 89' lang='lat' dir='ltr'>opera</span> <span class='ocrx_word' id='word_1_274' title='bbox 857 2407 912 2444; x_wconf 88' lang='lat' dir='ltr'>sa-</span> 
     </span>
     <span class='ocr_line' id='line_1_48' title="bbox 136 2452 668 2498; baseline 0.002 -9"><span class='ocrx_word' id='word_1_275' title='bbox 136 2452 186 2489; x_wconf 90' lang='lat' dir='ltr'>cit</span> <span class='ocrx_word' id='word_1_276' title='bbox 208 2465 216 2488; x_wconf 90' lang='lat'>:</span> <span class='ocrx_word' id='word_1_277' title='bbox 241 2466 259 2487; x_wconf 83' lang='lat'>»</span> <span class='ocrx_word' id='word_1_278' title='bbox 281 2454 361 2489; x_wconf 82' lang='lat' dir='ltr'>haec</span> <span class='ocrx_word' id='word_1_279' title='bbox 383 2454 668 2498; x_wconf 73' lang='lat' dir='ltr'>chrysostomus.</span> 
     </span>
    </p>

    <p class='ocr_par' dir='ltr' id='par_1_3' title="bbox 134 2502 914 2880">
     <span class='ocr_line' id='line_1_49' title="bbox 185 2502 912 2544; baseline 0.004 -9"><span class='ocrx_word' id='word_1_280' title='bbox 185 2504 225 2544; x_wconf 73' lang='lat'>14</span> <span class='ocrx_word' id='word_1_281' title='bbox 246 2502 323 2543; x_wconf 83' lang='lat' dir='ltr'>Quo</span> <span class='ocrx_word' id='word_1_282' title='bbox 346 2512 455 2537; x_wconf 66' lang='lat' dir='ltr'>sssxsu</span> <span class='ocrx_word' id='word_1_283' title='bbox 477 2513 520 2536; x_wconf 62' lang='grc' dir='ltr'>ΕΚ</span> <span class='ocrx_word' id='word_1_284' title='bbox 541 2514 768 2538; x_wconf 78' lang='lat' dir='ltr'>ABUNDANTIA</span> <span class='ocrx_word' id='word_1_285' title='bbox 788 2513 912 2538; x_wconf 86' lang='lat' dir='ltr'>CORDIS</span> 
     </span>
     <span class='ocr_line' id='line_1_50' title="bbox 134 2549 913 2588; baseline 0.004 -6"><span class='ocrx_word' id='word_1_286' title='bbox 134 2558 176 2582; x_wconf 90' lang='lat' dir='ltr'>os</span> <span class='ocrx_word' id='word_1_287' title='bbox 209 2559 409 2588; x_wconf 67' lang='lat' dir='ltr'>LOQUATUR.</span> <span class='ocrx_word' id='word_1_288' title='bbox 436 2567 479 2574; x_wconf 88' lang='lat'>—</span> <span class='ocrx_word' id='word_1_289' title='bbox 503 2550 547 2584; x_wconf 87' lang='lat' dir='ltr'>Et</span> <span class='ocrx_word' id='word_1_290' title='bbox 578 2549 662 2585; x_wconf 89' lang='lat' dir='ltr'>ideo</span> <span class='ocrx_word' id='word_1_291' title='bbox 703 2549 876 2586; x_wconf 87' lang='lat' dir='ltr'>subditur</span> <span class='ocrx_word' id='word_1_292' title='bbox 902 2562 913 2585; x_wconf 90' lang='lat'><strong>:</strong></span> 
     </span>
     <span class='ocr_line' id='line_1_51' title="bbox 134 2596 914 2642; baseline 0.004 -13"><span class='ocrx_word' id='word_1_293' title='bbox 134 2596 193 2630; x_wconf 80' lang='lat' dir='ltr'>Eoe</span> <span class='ocrx_word' id='word_1_294' title='bbox 212 2596 441 2630; x_wconf 70' lang='lat' dir='ltr'>abundantia</span> <span class='ocrx_word' id='word_1_295' title='bbox 465 2598 560 2631; x_wconf 77' lang='lat' dir='ltr'>enim</span> <span class='ocrx_word' id='word_1_296' title='bbox 581 2597 700 2632; x_wconf 79' lang='lat' dir='ltr'>cordis</span> <span class='ocrx_word' id='word_1_297' title='bbox 726 2608 763 2632; x_wconf 81' lang='lat' dir='ltr'>os</span> <span class='ocrx_word' id='word_1_298' title='bbox 799 2599 914 2642; x_wconf 76' lang='lat' dir='ltr'>loqui-</span> 
     </span>
     <span class='ocr_line' id='line_1_52' title="bbox 135 2642 911 2690; baseline 0.005 -14"><span class='ocrx_word' id='word_1_299' title='bbox 135 2644 218 2685; x_wconf 79' lang='lat' dir='ltr'>tur;</span> <span class='ocrx_word' id='word_1_300' title='bbox 239 2642 326 2688; x_wconf 86' lang='lat' dir='ltr'>quia</span> <span class='ocrx_word' id='word_1_301' title='bbox 346 2643 500 2678; x_wconf 85' lang='lat' dir='ltr'>verbum</span> <span class='ocrx_word' id='word_1_302' title='bbox 521 2643 685 2680; x_wconf 88' lang='lat' dir='ltr'>exterius</span> <span class='ocrx_word' id='word_1_303' title='bbox 718 2648 775 2680; x_wconf 89' lang='lat' dir='ltr'>est</span> <span class='ocrx_word' id='word_1_304' title='bbox 796 2643 911 2690; x_wconf 81' lang='lat' dir='ltr'>signi-</span> 
     </span>
     <span class='ocr_line' id='line_1_53' title="bbox 135 2688 911 2737; baseline 0.006 -14"><span class='ocrx_word' id='word_1_305' title='bbox 135 2688 326 2725; x_wconf 85' lang='lat' dir='ltr'>ficativum</span> <span class='ocrx_word' id='word_1_306' title='bbox 348 2689 539 2726; x_wconf 87' lang='lat' dir='ltr'>interioris</span> <span class='ocrx_word' id='word_1_307' title='bbox 564 2695 777 2737; x_wconf 84' lang='lat' dir='ltr'>conceptus.</span> <span class='ocrx_word' id='word_1_308' title='bbox 800 2691 911 2734; x_wconf 84' lang='lat' dir='ltr'>Quasi</span> 
     </span>
     <span class='ocr_line' id='line_1_54' title="bbox 136 2734 910 2784; baseline 0.006 -15"><span class='ocrx_word' id='word_1_309' title='bbox 136 2734 276 2771; x_wconf 74' lang='lat' dir='ltr'>[ficeret</span> <span class='ocrx_word' id='word_1_310' title='bbox 297 2748 305 2771; x_wconf 90' lang='lat'>:</span> <span class='ocrx_word' id='word_1_311' title='bbox 326 2738 398 2772; x_wconf 86' lang='lat' dir='ltr'>Cor</span> <span class='ocrx_word' id='word_1_312' title='bbox 417 2740 582 2774; x_wconf 87' lang='lat' dir='ltr'>vestrum</span> <span class='ocrx_word' id='word_1_313' title='bbox 599 2739 755 2784; x_wconf 88' lang='lat' dir='ltr'>plenum</span> <span class='ocrx_word' id='word_1_314' title='bbox 775 2743 831 2774; x_wconf 89' lang='lat' dir='ltr'>est</span> <span class='ocrx_word' id='word_1_315' title='bbox 852 2750 910 2775; x_wconf 93' lang='lat' dir='ltr'>ve-</span> 
     </span>
     <span class='ocr_line' id='line_1_55' title="bbox 136 2786 910 2832; baseline 0.006 -15"><span class='ocrx_word' id='word_1_316' title='bbox 136 2792 250 2827; x_wconf 88' lang='lat' dir='ltr'>neno,</span> <span class='ocrx_word' id='word_1_317' title='bbox 277 2786 314 2819; x_wconf 89' lang='lat' dir='ltr'>et</span> <span class='ocrx_word' id='word_1_318' title='bbox 337 2787 482 2820; x_wconf 88' lang='lat' dir='ltr'>eructat</span> <span class='ocrx_word' id='word_1_319' title='bbox 522 2786 568 2821; x_wconf 91' lang='lat' dir='ltr'>de</span> <span class='ocrx_word' id='word_1_320' title='bbox 602 2787 726 2832; x_wconf 90' lang='lat' dir='ltr'>pleno.</span> <span class='ocrx_word' id='word_1_321' title='bbox 748 2787 777 2821; x_wconf 93' lang='lat' dir='ltr'><strong>A</strong></span> <span class='ocrx_word' id='word_1_322' title='bbox 804 2789 910 2832; x_wconf 87' lang='lat' dir='ltr'>parte</span> 
     </span>
     <span class='ocr_line' id='line_1_56' title="bbox 137 2831 911 2880; baseline 0.008 -15"><span class='ocrx_word' id='word_1_323' title='bbox 137 2832 262 2866; x_wconf 85' lang='lat' dir='ltr'>autem</span> <span class='ocrx_word' id='word_1_324' title='bbox 287 2833 408 2868; x_wconf 87' lang='lat' dir='ltr'>totum</span> <span class='ocrx_word' id='word_1_325' title='bbox 441 2831 624 2879; x_wconf 81' lang='lat' dir='ltr'>intellige,</span> <span class='ocrx_word' id='word_1_326' title='bbox 666 2832 809 2870; x_wconf 85' lang='lat' dir='ltr'>scilicet</span> <span class='ocrx_word' id='word_1_327' title='bbox 844 2843 911 2880; x_wconf 90' lang='lat' dir='ltr'>per</span> 
     </span>
    </p>
   </div>
   <div class='ocr_carea' id='block_1_3' title="bbox 1227 206 1789 244">
    <p class='ocr_par' dir='ltr' id='par_1_4' title="bbox 1227 206 1789 244">
     <span class='ocr_line' id='line_1_57' title="bbox 1227 206 1789 244; baseline 0.009 -5"><span class='ocrx_word' id='word_1_328' title='bbox 1227 206 1360 240; x_wconf 85' lang='lat' dir='ltr'>MU&#39;ro.</span> <span class='ocrx_word' id='word_1_329' title='bbox 1727 210 1789 244; x_wconf 79' lang='lat'>217</span> 
     </span>
    </p>
   </div>
   <div class='ocr_carea' id='block_1_4' title="bbox 985 272 1783 2883">
    <p class='ocr_par' dir='ltr' id='par_1_5' title="bbox 985 272 1783 2883">
     <span class='ocr_line' id='line_1_58' title="bbox 1000 272 1781 324; baseline 0.008 -15"><span class='ocrx_word' id='word_1_330' title='bbox 1000 272 1229 310; x_wconf 87' lang='lat' dir='ltr'>locutionem</span> <span class='ocrx_word' id='word_1_331' title='bbox 1256 273 1347 319; x_wconf 89' lang='lat' dir='ltr'>oris,</span> <span class='ocrx_word' id='word_1_332' title='bbox 1376 274 1604 313; x_wconf 82' lang='lat' dir='ltr'>locutionem</span> <span class='ocrx_word' id='word_1_333' title='bbox 1642 278 1781 324; x_wconf 85' lang='lat' dir='ltr'>cordis,</span> 
     </span>
     <span class='ocr_line' id='line_1_59' title="bbox 1001 321 1783 368; baseline 0.006 -10"><span class='ocrx_word' id='word_1_334' title='bbox 1001 324 1038 358; x_wconf 87' lang='lat' dir='ltr'>et</span> <span class='ocrx_word' id='word_1_335' title='bbox 1069 321 1295 357; x_wconf 83' lang='lat' dir='ltr'>locutionem</span> <span class='ocrx_word' id='word_1_336' title='bbox 1315 322 1452 368; x_wconf 89' lang='lat' dir='ltr'>operis.</span> <span class='ocrx_word' id='word_1_337' title='bbox 1484 325 1555 360; x_wconf 89' lang='lat' dir='ltr'>Per</span> <span class='ocrx_word' id='word_1_338' title='bbox 1577 324 1653 361; x_wconf 86' lang='lat' dir='ltr'>oris</span> <span class='ocrx_word' id='word_1_339' title='bbox 1680 326 1783 363; x_wconf 87' lang='lat' dir='ltr'>enim</span> 
     </span>
     <span class='ocr_line' id='line_1_60' title="bbox 1000 369 1782 419; baseline 0.009 -15"><span class='ocrx_word' id='word_1_340' title='bbox 1000 369 1242 413; x_wconf 88' lang='lat' dir='ltr'>locutionem,</span> <span class='ocrx_word' id='word_1_341' title='bbox 1266 369 1440 406; x_wconf 83' lang='lat' dir='ltr'>universa</span> <span class='ocrx_word' id='word_1_342' title='bbox 1474 382 1558 417; x_wconf 81' lang='lat' dir='ltr'>quae</span> <span class='ocrx_word' id='word_1_343' title='bbox 1597 376 1696 419; x_wconf 85' lang='lat' dir='ltr'>actu,</span> <span class='ocrx_word' id='word_1_344' title='bbox 1724 374 1782 411; x_wconf 91' lang='lat' dir='ltr'>vel</span> 
     </span>
     <span class='ocr_line' id='line_1_61' title="bbox 1000 416 1781 467; baseline 0.006 -14"><span class='ocrx_word' id='word_1_345' title='bbox 1000 416 1178 463; x_wconf 81' lang='lat' dir='ltr'>cogitatu,</span> <span class='ocrx_word' id='word_1_346' title='bbox 1201 417 1258 452; x_wconf 87' lang='lat' dir='ltr'>vel</span> <span class='ocrx_word' id='word_1_347' title='bbox 1282 428 1455 454; x_wconf 88' lang='lat' dir='ltr'>sermone</span> <span class='ocrx_word' id='word_1_348' title='bbox 1482 420 1527 455; x_wconf 91' lang='lat' dir='ltr'>de</span> <span class='ocrx_word' id='word_1_349' title='bbox 1553 421 1665 457; x_wconf 83' lang='lat' dir='ltr'>corde</span> <span class='ocrx_word' id='word_1_350' title='bbox 1691 432 1781 467; x_wconf 88' lang='lat' dir='ltr'>pro-</span> 
     </span>
     <span class='ocr_line' id='line_1_62' title="bbox 999 464 1782 511; baseline 0.008 -12"><span class='ocrx_word' id='word_1_351' title='bbox 999 464 1172 500; x_wconf 86' lang='lat' dir='ltr'>feruntur</span> <span class='ocrx_word' id='word_1_352' title='bbox 1186 464 1370 501; x_wconf 88' lang='lat' dir='ltr'>Dominus</span> <span class='ocrx_word' id='word_1_353' title='bbox 1383 465 1584 511; x_wconf 76' lang='lat' dir='ltr'>significat.</span> <span class='ocrx_word' id='word_1_354' title='bbox 1598 469 1692 504; x_wconf 89' lang='lat' dir='ltr'>Nam</span> <span class='ocrx_word' id='word_1_355' title='bbox 1704 480 1782 505; x_wconf 90' lang='lat' dir='ltr'>ver-</span> 
     </span>
     <span class='ocr_line' id='line_1_63' title="bbox 1000 512 1780 561; baseline 0.006 -14"><span class='ocrx_word' id='word_1_356' title='bbox 1000 513 1089 548; x_wconf 92' lang='lat' dir='ltr'>bum</span> <span class='ocrx_word' id='word_1_357' title='bbox 1109 522 1176 559; x_wconf 90' lang='lat' dir='ltr'>pro</span> <span class='ocrx_word' id='word_1_358' title='bbox 1193 512 1290 548; x_wconf 86' lang='lat' dir='ltr'>facto</span> <span class='ocrx_word' id='word_1_359' title='bbox 1306 514 1532 558; x_wconf 78' lang='lat' dir='ltr'>quandoque</span> <span class='ocrx_word' id='word_1_360' title='bbox 1553 515 1643 561; x_wconf 89' lang='lat' dir='ltr'>poni</span> <span class='ocrx_word' id='word_1_361' title='bbox 1665 516 1780 561; x_wconf 86' lang='lat' dir='ltr'>solet;</span> 
     </span>
     <span class='ocr_line' id='line_1_64' title="bbox 998 559 1783 602; baseline 0.005 -7"><span class='ocrx_word' id='word_1_362' title='bbox 998 560 1100 596; x_wconf 89' lang='lat' dir='ltr'>unde</span> <span class='ocrx_word' id='word_1_363' title='bbox 1129 559 1245 596; x_wconf 89' lang='lat' dir='ltr'>Isaias</span> <span class='ocrx_word' id='word_1_364' title='bbox 1276 560 1322 596; x_wconf 88' lang='lat' dir='ltr'>de</span> <span class='ocrx_word' id='word_1_365' title='bbox 1354 562 1511 598; x_wconf 83' lang='lat' dir='ltr'>Ezechia</span> <span class='ocrx_word' id='word_1_366' title='bbox 1547 562 1637 598; x_wconf 82' lang='lat' dir='ltr'>dixit</span> <span class='ocrx_word' id='word_1_367' title='bbox 1665 574 1672 598; x_wconf 91' lang='lat'>:</span> <span class='ocrx_word' id='word_1_368' title='bbox 1702 566 1783 602; x_wconf 86' lang='lat' dir='ltr'>Non</span> 
     </span>
     <span class='ocr_line' id='line_1_65' title="bbox 998 608 1779 653; baseline 0.004 -10"><span class='ocrx_word' id='word_1_369' title='bbox 998 609 1073 651; x_wconf 74' lang='lat' dir='ltr'>futt</span> <span class='ocrx_word' id='word_1_370' title='bbox 1099 608 1246 643; x_wconf 78' lang='lat' dir='ltr'>verbum</span> <span class='ocrx_word' id='word_1_371' title='bbox 1269 608 1366 653; x_wconf 77' lang='lat' dir='ltr'>quod</span> <span class='ocrx_word' id='word_1_372' title='bbox 1392 620 1462 645; x_wconf 80' lang='lat' dir='ltr'>non</span> <span class='ocrx_word' id='word_1_373' title='bbox 1486 611 1687 646; x_wconf 75' lang='lat' dir='ltr'>ostenderet</span> <span class='ocrx_word' id='word_1_374' title='bbox 1714 613 1779 652; x_wconf 79' lang='lat' dir='ltr'>eis,</span> 
     </span>
     <span class='ocr_line' id='line_1_66' title="bbox 998 655 1781 702; baseline 0.004 -11"><span class='ocrx_word' id='word_1_375' title='bbox 998 655 1036 691; x_wconf 91' lang='lat' dir='ltr'>id</span> <span class='ocrx_word' id='word_1_376' title='bbox 1057 658 1113 691; x_wconf 89' lang='lat' dir='ltr'>est</span> <span class='ocrx_word' id='word_1_377' title='bbox 1131 666 1191 691; x_wconf 90' lang='lat' dir='ltr'>res</span> <span class='ocrx_word' id='word_1_378' title='bbox 1207 655 1321 701; x_wconf 80' lang='lat' dir='ltr'>digna</span> <span class='ocrx_word' id='word_1_379' title='bbox 1336 657 1464 693; x_wconf 85' lang='lat' dir='ltr'>verbo.</span> <span class='ocrx_word' id='word_1_380' title='bbox 1482 657 1550 693; x_wconf 90' lang='lat' dir='ltr'>Ubi</span> <span class='ocrx_word' id='word_1_381' title='bbox 1574 658 1781 702; x_wconf 72' lang='lat' dir='ltr'>Chrysosto-</span> 
     </span>
     <span class='ocr_line' id='line_1_67' title="bbox 998 703 1782 751; baseline 0.004 -13"><span class='ocrx_word' id='word_1_382' title='bbox 998 714 1078 738; x_wconf 76' lang='lat' dir='ltr'>mus</span> <span class='ocrx_word' id='word_1_383' title='bbox 1100 718 1107 739; x_wconf 91' lang='lat'>:</span> <span class='ocrx_word' id='word_1_384' title='bbox 1133 716 1151 737; x_wconf 69' lang='grc' dir='ltr'>α</span> <span class='ocrx_word' id='word_1_385' title='bbox 1179 704 1221 738; x_wconf 90' lang='lat' dir='ltr'>Et</span> <span class='ocrx_word' id='word_1_386' title='bbox 1244 703 1328 739; x_wconf 91' lang='lat' dir='ltr'>vide</span> <span class='ocrx_word' id='word_1_387' title='bbox 1351 704 1399 739; x_wconf 90' lang='lat' dir='ltr'>ad</span> <span class='ocrx_word' id='word_1_388' title='bbox 1420 705 1603 751; x_wconf 84' lang='lat' dir='ltr'>majorem</span> <span class='ocrx_word' id='word_1_389' title='bbox 1624 716 1782 741; x_wconf 85' lang='lat' dir='ltr'>accusa-</span> 
     </span>
     <span class='ocr_line' id='line_1_68' title="bbox 997 750 1782 799; baseline 0.004 -13"><span class='ocrx_word' id='word_1_390' title='bbox 997 750 1140 787; x_wconf 89' lang='lat' dir='ltr'>tionem</span> <span class='ocrx_word' id='word_1_391' title='bbox 1158 751 1358 795; x_wconf 87' lang='lat' dir='ltr'>malorum,</span> <span class='ocrx_word' id='word_1_392' title='bbox 1375 755 1410 787; x_wconf 84' lang='lat' dir='ltr'>et</span> <span class='ocrx_word' id='word_1_393' title='bbox 1431 753 1613 799; x_wconf 87' lang='lat' dir='ltr'>majorem</span> <span class='ocrx_word' id='word_1_394' title='bbox 1631 753 1782 789; x_wconf 91' lang='lat' dir='ltr'>laudem</span> 
     </span>
     <span class='ocr_line' id='line_1_69' title="bbox 998 798 1782 844; baseline 0.003 -10"><span class='ocrx_word' id='word_1_395' title='bbox 998 799 1198 842; x_wconf 87' lang='lat' dir='ltr'>bonorum,</span> <span class='ocrx_word' id='word_1_396' title='bbox 1224 798 1324 844; x_wconf 90' lang='lat' dir='ltr'>quod</span> <span class='ocrx_word' id='word_1_397' title='bbox 1352 798 1442 834; x_wconf 90' lang='lat' dir='ltr'>dicit</span> <span class='ocrx_word' id='word_1_398' title='bbox 1468 811 1476 835; x_wconf 78' lang='lat' dir='ltr'>z</span> <span class='ocrx_word' id='word_1_399' title='bbox 1502 802 1562 836; x_wconf 70' lang='lat' dir='ltr'>Em</span> <span class='ocrx_word' id='word_1_400' title='bbox 1588 801 1782 836; x_wconf 78' lang='lat' dir='ltr'>abundan-</span> 
     </span>
     <span class='ocr_line' id='line_1_70' title="bbox 998 847 1783 892; baseline 0.005 -12"><span class='ocrx_word' id='word_1_401' title='bbox 998 848 1051 881; x_wconf 75' lang='lat' dir='ltr'>tia</span> <span class='ocrx_word' id='word_1_402' title='bbox 1087 847 1205 881; x_wconf 72' lang='lat' dir='ltr'>cordis</span> <span class='ocrx_word' id='word_1_403' title='bbox 1240 857 1277 881; x_wconf 87' lang='lat' dir='ltr'>os</span> <span class='ocrx_word' id='word_1_404' title='bbox 1317 847 1493 891; x_wconf 77' lang='lat' dir='ltr'>loquitur,</span> <span class='ocrx_word' id='word_1_405' title='bbox 1528 847 1566 883; x_wconf 92' lang='lat' dir='ltr'>id</span> <span class='ocrx_word' id='word_1_406' title='bbox 1593 851 1662 892; x_wconf 89' lang='lat' dir='ltr'>est,</span> <span class='ocrx_word' id='word_1_407' title='bbox 1698 858 1783 884; x_wconf 84' lang='lat' dir='ltr'>cum</span> 
     </span>
     <span class='ocr_line' id='line_1_71' title="bbox 998 893 1781 932; baseline 0.003 -3"><span class='ocrx_word' id='word_1_408' title='bbox 998 894 1110 929; x_wconf 90' lang='lat' dir='ltr'>homo</span> <span class='ocrx_word' id='word_1_409' title='bbox 1139 893 1283 930; x_wconf 87' lang='lat' dir='ltr'>locutus</span> <span class='ocrx_word' id='word_1_410' title='bbox 1316 893 1430 929; x_wconf 86' lang='lat' dir='ltr'>fuerit</span> <span class='ocrx_word' id='word_1_411' title='bbox 1450 895 1607 931; x_wconf 86' lang='lat' dir='ltr'>verbum</span> <span class='ocrx_word' id='word_1_412' title='bbox 1638 896 1781 932; x_wconf 88' lang='lat' dir='ltr'>bonum</span> 
     </span>
     <span class='ocr_line' id='line_1_72' title="bbox 997 941 1781 988; baseline 0.005 -13"><span class='ocrx_word' id='word_1_413' title='bbox 997 941 1055 977; x_wconf 92' lang='lat' dir='ltr'>vel</span> <span class='ocrx_word' id='word_1_414' title='bbox 1090 941 1254 985; x_wconf 80' lang='lat' dir='ltr'>malum3</span> <span class='ocrx_word' id='word_1_415' title='bbox 1283 952 1330 977; x_wconf 89' lang='lat' dir='ltr'>ne</span> <span class='ocrx_word' id='word_1_416' title='bbox 1367 943 1476 988; x_wconf 87' lang='lat' dir='ltr'>putes</span> <span class='ocrx_word' id='word_1_417' title='bbox 1515 942 1604 988; x_wconf 90' lang='lat' dir='ltr'>quia</span> <span class='ocrx_word' id='word_1_418' title='bbox 1632 946 1781 979; x_wconf 89' lang='lat' dir='ltr'>tantum</span> 
     </span>
     <span class='ocr_line' id='line_1_73' title="bbox 997 988 1780 1036; baseline 0.004 -13"><span class='ocrx_word' id='word_1_419' title='bbox 997 988 1088 1024; x_wconf 90' lang='lat' dir='ltr'>boni</span> <span class='ocrx_word' id='word_1_420' title='bbox 1121 989 1176 1024; x_wconf 89' lang='lat' dir='ltr'>vel</span> <span class='ocrx_word' id='word_1_421' title='bbox 1204 988 1292 1024; x_wconf 86' lang='lat' dir='ltr'>mali</span> <span class='ocrx_word' id='word_1_422' title='bbox 1319 989 1433 1024; x_wconf 89' lang='lat' dir='ltr'>habet</span> <span class='ocrx_word' id='word_1_423' title='bbox 1465 988 1504 1025; x_wconf 89' lang='lat' dir='ltr'>in</span> <span class='ocrx_word' id='word_1_424' title='bbox 1527 990 1638 1025; x_wconf 87' lang='lat' dir='ltr'>corde</span> <span class='ocrx_word' id='word_1_425' title='bbox 1661 1001 1780 1036; x_wconf 86' lang='lat' dir='ltr'>quan-</span> 
     </span>
     <span class='ocr_line' id='line_1_74' title="bbox 997 1035 1782 1081; baseline 0.004 -10"><span class='ocrx_word' id='word_1_426' title='bbox 997 1039 1078 1071; x_wconf 89' lang='lat' dir='ltr'>tum</span> <span class='ocrx_word' id='word_1_427' title='bbox 1100 1035 1264 1071; x_wconf 85' lang='lat' dir='ltr'>ostendit</span> <span class='ocrx_word' id='word_1_428' title='bbox 1281 1035 1320 1071; x_wconf 89' lang='lat' dir='ltr'>in</span> <span class='ocrx_word' id='word_1_429' title='bbox 1336 1037 1464 1081; x_wconf 90' lang='lat' dir='ltr'>verbo,</span> <span class='ocrx_word' id='word_1_430' title='bbox 1479 1037 1544 1073; x_wconf 92' lang='lat' dir='ltr'>sed</span> <span class='ocrx_word' id='word_1_431' title='bbox 1565 1037 1682 1073; x_wconf 90' lang='lat' dir='ltr'>multo</span> <span class='ocrx_word' id='word_1_432' title='bbox 1704 1048 1782 1074; x_wconf 88' lang='lat' dir='ltr'>am-</span> 
     </span>
     <span class='ocr_line' id='line_1_75' title="bbox 996 1083 1779 1129; baseline 0.004 -11"><span class='ocrx_word' id='word_1_433' title='bbox 996 1083 1107 1129; x_wconf 86' lang='lat' dir='ltr'>plius.</span> <span class='ocrx_word' id='word_1_434' title='bbox 1132 1084 1182 1118; x_wconf 79' lang='lat' dir='ltr'>Ex</span> <span class='ocrx_word' id='word_1_435' title='bbox 1212 1083 1446 1119; x_wconf 86' lang='lat' dir='ltr'>abundantia</span> <span class='ocrx_word' id='word_1_436' title='bbox 1473 1084 1572 1120; x_wconf 88' lang='lat' dir='ltr'>enim</span> <span class='ocrx_word' id='word_1_437' title='bbox 1603 1084 1695 1121; x_wconf 90' lang='lat' dir='ltr'>boni</span> <span class='ocrx_word' id='word_1_438' title='bbox 1720 1085 1779 1121; x_wconf 89' lang='lat' dir='ltr'>vel</span> 
     </span>
     <span class='ocr_line' id='line_1_76' title="bbox 997 1130 1779 1178; baseline 0.004 -13"><span class='ocrx_word' id='word_1_439' title='bbox 997 1130 1098 1169; x_wconf 77' lang='lat' dir='ltr'>mali.</span> <span class='ocrx_word' id='word_1_440' title='bbox 1123 1141 1206 1176; x_wconf 85' lang='lat' dir='ltr'>quae</span> <span class='ocrx_word' id='word_1_441' title='bbox 1228 1134 1284 1166; x_wconf 90' lang='lat' dir='ltr'>est</span> <span class='ocrx_word' id='word_1_442' title='bbox 1304 1130 1342 1165; x_wconf 88' lang='lat' dir='ltr'>in</span> <span class='ocrx_word' id='word_1_443' title='bbox 1363 1132 1490 1175; x_wconf 86' lang='lat' dir='ltr'>corde,</span> <span class='ocrx_word' id='word_1_444' title='bbox 1508 1142 1632 1167; x_wconf 87' lang='lat' dir='ltr'>sermo</span> <span class='ocrx_word' id='word_1_445' title='bbox 1646 1143 1779 1178; x_wconf 87' lang='lat' dir='ltr'>proce-</span> 
     </span>
     <span class='ocr_line' id='line_1_77' title="bbox 996 1177 1781 1224; baseline 0.004 -12"><span class='ocrx_word' id='word_1_446' title='bbox 996 1177 1063 1213; x_wconf 87' lang='lat' dir='ltr'>dit.</span> <span class='ocrx_word' id='word_1_447' title='bbox 1087 1178 1194 1220; x_wconf 88' lang='lat' dir='ltr'>Quod</span> <span class='ocrx_word' id='word_1_448' title='bbox 1229 1177 1329 1213; x_wconf 88' lang='lat' dir='ltr'>enim</span> <span class='ocrx_word' id='word_1_449' title='bbox 1355 1179 1517 1214; x_wconf 80' lang='lat' dir='ltr'>exterius</span> <span class='ocrx_word' id='word_1_450' title='bbox 1544 1178 1694 1224; x_wconf 88' lang='lat' dir='ltr'>dicitur,</span> <span class='ocrx_word' id='word_1_451' title='bbox 1724 1182 1781 1215; x_wconf 87' lang='lat' dir='ltr'>est</span> 
     </span>
     <span class='ocr_line' id='line_1_78' title="bbox 996 1224 1778 1271; baseline 0.005 -12"><span class='ocrx_word' id='word_1_452' title='bbox 996 1224 1305 1271; x_wconf 84' lang='lat' dir='ltr'>supereffluentia</span> <span class='ocrx_word' id='word_1_453' title='bbox 1331 1225 1412 1271; x_wconf 83' lang='lat' dir='ltr'>ejus</span> <span class='ocrx_word' id='word_1_454' title='bbox 1446 1226 1546 1271; x_wconf 91' lang='lat' dir='ltr'>quod</span> <span class='ocrx_word' id='word_1_455' title='bbox 1570 1225 1671 1262; x_wconf 88' lang='lat' dir='ltr'>intus</span> <span class='ocrx_word' id='word_1_456' title='bbox 1707 1230 1778 1264; x_wconf 85' lang='lat' dir='ltr'>est.</span> 
     </span>
     <span class='ocr_line' id='line_1_79' title="bbox 994 1273 1780 1319; baseline 0.004 -12"><span class='ocrx_word' id='word_1_457' title='bbox 994 1273 1036 1307; x_wconf 90' lang='lat' dir='ltr'>In</span> <span class='ocrx_word' id='word_1_458' title='bbox 1073 1283 1148 1317; x_wconf 91' lang='lat' dir='ltr'>quo</span> <span class='ocrx_word' id='word_1_459' title='bbox 1188 1283 1252 1308; x_wconf 90' lang='lat' dir='ltr'>eos</span> <span class='ocrx_word' id='word_1_460' title='bbox 1292 1273 1537 1309; x_wconf 84' lang='lat' dir='ltr'>vehementer</span> <span class='ocrx_word' id='word_1_461' title='bbox 1572 1273 1708 1319; x_wconf 80' lang='lat' dir='ltr'>tetigit.</span> <span class='ocrx_word' id='word_1_462' title='bbox 1742 1274 1780 1311; x_wconf 90' lang='lat' dir='ltr'>Si</span> 
     </span>
     <span class='ocr_line' id='line_1_80' title="bbox 994 1319 1778 1365; baseline 0.004 -11"><span class='ocrx_word' id='word_1_463' title='bbox 994 1319 1110 1365; x_wconf 90' lang='lat' dir='ltr'>enim,</span> <span class='ocrx_word' id='word_1_464' title='bbox 1124 1320 1225 1365; x_wconf 92' lang='lat' dir='ltr'>quod</span> <span class='ocrx_word' id='word_1_465' title='bbox 1243 1319 1382 1356; x_wconf 84' lang='lat' dir='ltr'>dictum</span> <span class='ocrx_word' id='word_1_466' title='bbox 1400 1324 1456 1356; x_wconf 89' lang='lat' dir='ltr'>est</span> <span class='ocrx_word' id='word_1_467' title='bbox 1472 1322 1518 1357; x_wconf 90' lang='lat' dir='ltr'>ab</span> <span class='ocrx_word' id='word_1_468' title='bbox 1539 1320 1606 1365; x_wconf 87' lang='lat' dir='ltr'>eis,</span> <span class='ocrx_word' id='word_1_469' title='bbox 1625 1321 1678 1357; x_wconf 89' lang='lat' dir='ltr'>ita</span> <span class='ocrx_word' id='word_1_470' title='bbox 1698 1332 1778 1358; x_wconf 88' lang='lat' dir='ltr'>ma-</span> 
     </span>
     <span class='ocr_line' id='line_1_81' title="bbox 994 1367 1779 1414; baseline 0.004 -12"><span class='ocrx_word' id='word_1_471' title='bbox 994 1367 1071 1403; x_wconf 92' lang='lat' dir='ltr'>lum</span> <span class='ocrx_word' id='word_1_472' title='bbox 1094 1371 1163 1411; x_wconf 89' lang='lat' dir='ltr'>est,</span> <span class='ocrx_word' id='word_1_473' title='bbox 1185 1367 1355 1414; x_wconf 80' lang='lat' dir='ltr'>excogita</span> <span class='ocrx_word' id='word_1_474' title='bbox 1380 1368 1547 1405; x_wconf 88' lang='lat' dir='ltr'>radicem</span> <span class='ocrx_word' id='word_1_475' title='bbox 1575 1369 1779 1405; x_wconf 83' lang='lat' dir='ltr'>verborum</span> 
     </span>
     <span class='ocr_line' id='line_1_82' title="bbox 994 1415 1776 1461; baseline 0.004 -11"><span class='ocrx_word' id='word_1_476' title='bbox 994 1425 1107 1460; x_wconf 91' lang='lat' dir='ltr'>quam</span> <span class='ocrx_word' id='word_1_477' title='bbox 1134 1418 1190 1450; x_wconf 85' lang='lat' dir='ltr'>est</span> <span class='ocrx_word' id='word_1_478' title='bbox 1207 1415 1324 1451; x_wconf 82' lang='lat' dir='ltr'>mala!</span> <span class='ocrx_word' id='word_1_479' title='bbox 1346 1429 1364 1447; x_wconf 68' lang='lat'>&gt;³</span> <span class='ocrx_word' id='word_1_480' title='bbox 1386 1416 1466 1451; x_wconf 77' lang='lat' dir='ltr'>haec</span> <span class='ocrx_word' id='word_1_481' title='bbox 1488 1417 1776 1461; x_wconf 75' lang='lat' dir='ltr'>Chrysoscomus.</span> 
     </span>
     <span class='ocr_line' id='line_1_83' title="bbox 993 1462 1777 1507; baseline 0.004 -10"><span class='ocrx_word' id='word_1_482' title='bbox 993 1464 1037 1497; x_wconf 88' lang='lat' dir='ltr'>Et</span> <span class='ocrx_word' id='word_1_483' title='bbox 1055 1462 1155 1506; x_wconf 86' lang='lat' dir='ltr'>ideO,</span> <span class='ocrx_word' id='word_1_484' title='bbox 1172 1466 1213 1498; x_wconf 91' lang='lat' dir='ltr'>ut</span> <span class='ocrx_word' id='word_1_485' title='bbox 1229 1462 1319 1498; x_wconf 82' lang='lat' dir='ltr'>dicit</span> <span class='ocrx_word' id='word_1_486' title='bbox 1335 1463 1543 1507; x_wconf 72' lang='lat' dir='ltr'>Greqorius,</span> <span class='ocrx_word' id='word_1_487' title='bbox 1567 1464 1777 1500; x_wconf 84' lang='lat' dir='ltr'>curandum</span> 
     </span>
     <span class='ocr_line' id='line_1_84' title="bbox 993 1509 1774 1556; baseline 0.004 -12"><span class='ocrx_word' id='word_1_488' title='bbox 993 1512 1064 1553; x_wconf 91' lang='lat' dir='ltr'>est,</span> <span class='ocrx_word' id='word_1_489' title='bbox 1082 1512 1117 1545; x_wconf 89' lang='lat' dir='ltr'>et</span> <span class='ocrx_word' id='word_1_490' title='bbox 1137 1509 1241 1545; x_wconf 89' lang='lat' dir='ltr'>omni</span> <span class='ocrx_word' id='word_1_491' title='bbox 1259 1510 1430 1546; x_wconf 83' lang='lat' dir='ltr'>custodia</span> <span class='ocrx_word' id='word_1_492' title='bbox 1446 1521 1551 1546; x_wconf 89' lang='lat' dir='ltr'>mens</span> <span class='ocrx_word' id='word_1_493' title='bbox 1569 1511 1774 1556; x_wconf 88' lang='lat' dir='ltr'>servanda;</span> 
     </span>
     <span class='ocr_line' id='line_1_85' title="bbox 993 1556 1776 1594; baseline 0.004 -3"><span class='ocrx_word' id='word_1_494' title='bbox 993 1567 1069 1592; x_wconf 89' lang='lat' dir='ltr'>non</span> <span class='ocrx_word' id='word_1_495' title='bbox 1091 1556 1191 1592; x_wconf 90' lang='lat' dir='ltr'>enim</span> <span class='ocrx_word' id='word_1_496' title='bbox 1212 1560 1298 1592; x_wconf 90' lang='lat' dir='ltr'>ante</span> <span class='ocrx_word' id='word_1_497' title='bbox 1320 1558 1448 1593; x_wconf 85' lang='lat' dir='ltr'>oculos</span> <span class='ocrx_word' id='word_1_498' title='bbox 1472 1558 1620 1594; x_wconf 88' lang='lat' dir='ltr'>Domini</span> <span class='ocrx_word' id='word_1_499' title='bbox 1642 1561 1776 1594; x_wconf 86' lang='lat' dir='ltr'>trans-</span> 
     </span>
     <span class='ocr_line' id='line_1_86' title="bbox 992 1604 1778 1650; baseline 0.004 -11"><span class='ocrx_word' id='word_1_500' title='bbox 992 1604 1119 1640; x_wconf 83' lang='lat' dir='ltr'>volant</span> <span class='ocrx_word' id='word_1_501' title='bbox 1149 1604 1398 1650; x_wconf 81' lang='lat' dir='ltr'>cogitationes</span> <span class='ocrx_word' id='word_1_502' title='bbox 1425 1608 1578 1650; x_wconf 83' lang='lat' dir='ltr'>nostrae,</span> <span class='ocrx_word' id='word_1_503' title='bbox 1611 1608 1649 1641; x_wconf 90' lang='lat' dir='ltr'>et</span> <span class='ocrx_word' id='word_1_504' title='bbox 1673 1606 1778 1642; x_wconf 82' lang='lat' dir='ltr'>nulla</span> 
     </span>
     <span class='ocr_line' id='line_1_87' title="bbox 991 1651 1774 1698; baseline 0.004 -12"><span class='ocrx_word' id='word_1_505' title='bbox 991 1655 1185 1687; x_wconf 84' lang='lat' dir='ltr'>momenta</span> <span class='ocrx_word' id='word_1_506' title='bbox 1205 1651 1387 1697; x_wconf 89' lang='lat' dir='ltr'>temporis</span> <span class='ocrx_word' id='word_1_507' title='bbox 1404 1663 1472 1698; x_wconf 90' lang='lat' dir='ltr'>per</span> <span class='ocrx_word' id='word_1_508' title='bbox 1493 1663 1635 1689; x_wconf 88' lang='lat' dir='ltr'>annum</span> <span class='ocrx_word' id='word_1_509' title='bbox 1650 1656 1774 1689; x_wconf 88' lang='lat' dir='ltr'>trans-</span> 
     </span>
     <span class='ocr_line' id='line_1_88' title="bbox 991 1699 1775 1746; baseline 0.004 -12"><span class='ocrx_word' id='word_1_510' title='bbox 991 1702 1080 1735; x_wconf 89' lang='lat' dir='ltr'>eunt</span> <span class='ocrx_word' id='word_1_511' title='bbox 1107 1699 1187 1734; x_wconf 85' lang='lat' dir='ltr'>sine</span> <span class='ocrx_word' id='word_1_512' title='bbox 1208 1702 1306 1735; x_wconf 89' lang='lat' dir='ltr'>statu</span> <span class='ocrx_word' id='word_1_513' title='bbox 1333 1700 1606 1736; x_wconf 86' lang='lat' dir='ltr'>retributionis.</span> <span class='ocrx_word' id='word_1_514' title='bbox 1624 1703 1667 1737; x_wconf 93' lang='lat' dir='ltr'>Et</span> <span class='ocrx_word' id='word_1_515' title='bbox 1688 1701 1775 1746; x_wconf 89' lang='lat' dir='ltr'>quia</span> 
     </span>
     <span class='ocr_line' id='line_1_89' title="bbox 991 1747 1773 1793; baseline 0.004 -12"><span class='ocrx_word' id='word_1_516' title='bbox 991 1757 1035 1781; x_wconf 61' lang='grc' dir='ltr'>ειη</span> <span class='ocrx_word' id='word_1_517' title='bbox 1053 1747 1284 1782; x_wconf 72' lang='lat' dir='ltr'>abundantia</span> <span class='ocrx_word' id='word_1_518' title='bbox 1304 1748 1424 1782; x_wconf 66' lang='lat' dir='ltr'>cordis</span> <span class='ocrx_word' id='word_1_519' title='bbox 1441 1759 1479 1783; x_wconf 79' lang='lat'>03</span> <span class='ocrx_word' id='word_1_520' title='bbox 1491 1749 1668 1793; x_wconf 77' lang='lat' dir='ltr'>loquitur,</span> <span class='ocrx_word' id='word_1_521' title='bbox 1687 1748 1773 1784; x_wconf 84' lang='lat' dir='ltr'>ideo</span> 
     </span>
     <span class='ocr_line' id='line_1_90' title="bbox 990 1793 1773 1839; baseline 0.003 -10"><span class='ocrx_word' id='word_1_522' title='bbox 990 1793 1086 1829; x_wconf 90' lang='lat' dir='ltr'>bene</span> <span class='ocrx_word' id='word_1_523' title='bbox 1113 1793 1312 1839; x_wconf 84' lang='lat' dir='ltr'>sequitur:</span> <span class='ocrx_word' id='word_1_524' title='bbox 1339 1796 1460 1830; x_wconf 79' lang='lat' dir='ltr'>Bonus</span> <span class='ocrx_word' id='word_1_525' title='bbox 1487 1797 1589 1831; x_wconf 85' lang='lat' dir='ltr'>homo</span> <span class='ocrx_word' id='word_1_526' title='bbox 1613 1796 1656 1830; x_wconf 80' lang='lat' dir='ltr'>de</span> <span class='ocrx_word' id='word_1_527' title='bbox 1684 1796 1773 1831; x_wconf 82' lang='lat' dir='ltr'>bono</span> 
     </span>
     <span class='ocr_line' id='line_1_91' title="bbox 990 1841 1772 1884; baseline 0.003 -8"><span class='ocrx_word' id='word_1_528' title='bbox 990 1842 1158 1877; x_wconf 77' lang='lat' dir='ltr'>thesauro</span> <span class='ocrx_word' id='word_1_529' title='bbox 1181 1852 1261 1884; x_wconf 81' lang='lat' dir='ltr'>sue,</span> <span class='ocrx_word' id='word_1_530' title='bbox 1284 1841 1323 1877; x_wconf 91' lang='lat' dir='ltr'>id</span> <span class='ocrx_word' id='word_1_531' title='bbox 1343 1845 1400 1877; x_wconf 89' lang='lat' dir='ltr'>est</span> <span class='ocrx_word' id='word_1_532' title='bbox 1426 1843 1472 1878; x_wconf 92' lang='lat' dir='ltr'>de</span> <span class='ocrx_word' id='word_1_533' title='bbox 1497 1844 1599 1879; x_wconf 87' lang='lat' dir='ltr'>bona</span> <span class='ocrx_word' id='word_1_534' title='bbox 1619 1842 1772 1879; x_wconf 87' lang='lat' dir='ltr'>intenti-</span> 
     </span>
     <span class='ocr_line' id='line_1_92' title="bbox 990 1888 1774 1935; baseline 0.003 -11"><span class='ocrx_word' id='word_1_535' title='bbox 990 1900 1063 1925; x_wconf 88' lang='lat' dir='ltr'>one</span> <span class='ocrx_word' id='word_1_536' title='bbox 1079 1892 1116 1924; x_wconf 88' lang='lat' dir='ltr'>et</span> <span class='ocrx_word' id='word_1_537' title='bbox 1130 1888 1336 1933; x_wconf 86' lang='lat' dir='ltr'>voluntate,</span> <span class='ocrx_word' id='word_1_538' title='bbox 1357 1900 1440 1935; x_wconf 82' lang='lat' dir='ltr'>quae</span> <span class='ocrx_word' id='word_1_539' title='bbox 1458 1889 1553 1926; x_wconf 85' lang='lat' dir='ltr'>sicut</span> <span class='ocrx_word' id='word_1_540' title='bbox 1572 1891 1774 1926; x_wconf 87' lang='lat' dir='ltr'>thesaurus</span> 
     </span>
     <span class='ocr_line' id='line_1_93' title="bbox 990 1936 1773 1983; baseline 0.003 -11"><span class='ocrx_word' id='word_1_541' title='bbox 990 1936 1232 1972; x_wconf 85' lang='lat' dir='ltr'>absconditus</span> <span class='ocrx_word' id='word_1_542' title='bbox 1262 1937 1353 1972; x_wconf 87' lang='lat' dir='ltr'>latet</span> <span class='ocrx_word' id='word_1_543' title='bbox 1382 1937 1540 1973; x_wconf 90' lang='lat' dir='ltr'>interius</span> <span class='ocrx_word' id='word_1_544' title='bbox 1566 1937 1605 1973; x_wconf 85' lang='lat' dir='ltr'>in</span> <span class='ocrx_word' id='word_1_545' title='bbox 1632 1941 1773 1983; x_wconf 88' lang='lat' dir='ltr'>mente,</span> 
     </span>
     <span class='ocr_line' id='line_1_94' title="bbox 985 1984 1773 2030; baseline 0.004 -12"><span class='ocrx_word' id='word_1_546' title='bbox 985 1986 1130 2029; x_wconf 77' lang='lat' dir='ltr'>profert</span> <span class='ocrx_word' id='word_1_547' title='bbox 1161 1984 1251 2019; x_wconf 77' lang='lat' dir='ltr'>bona</span> <span class='ocrx_word' id='word_1_548' title='bbox 1285 1984 1539 2030; x_wconf 81' lang='lat' dir='ltr'>cogitationis,</span> <span class='ocrx_word' id='word_1_549' title='bbox 1572 1985 1773 2021; x_wconf 89' lang='lat' dir='ltr'>locutionis</span> 
     </span>
     <span class='ocr_line' id='line_1_95' title="bbox 990 2031 1777 2076; baseline 0.004 -10"><span class='ocrx_word' id='word_1_550' title='bbox 990 2034 1026 2066; x_wconf 90' lang='lat' dir='ltr'>et</span> <span class='ocrx_word' id='word_1_551' title='bbox 1044 2031 1187 2076; x_wconf 81' lang='lat' dir='ltr'>operis3</span> <span class='ocrx_word' id='word_1_552' title='bbox 1214 2034 1247 2066; x_wconf 79' lang='lat' dir='ltr'>et</span> <span class='ocrx_word' id='word_1_553' title='bbox 1266 2033 1385 2067; x_wconf 72' lang='lat' dir='ltr'>malus</span> <span class='ocrx_word' id='word_1_554' title='bbox 1407 2033 1509 2068; x_wconf 84' lang='lat' dir='ltr'>homo</span> <span class='ocrx_word' id='word_1_555' title='bbox 1530 2033 1574 2067; x_wconf 82' lang='lat' dir='ltr'>de</span> <span class='ocrx_word' id='word_1_556' title='bbox 1588 2034 1683 2069; x_wconf 84' lang='lat' dir='ltr'>malo</span> <span class='ocrx_word' id='word_1_557' title='bbox 1702 2034 1777 2069; x_wconf 79' lang='lat' dir='ltr'>the-</span> 
     </span>
     <span class='ocr_line' id='line_1_96' title="bbox 989 2079 1773 2124; baseline 0.005 -12"><span class='ocrx_word' id='word_1_558' title='bbox 989 2089 1097 2113; x_wconf 80' lang='lat' dir='ltr'>sauro</span> <span class='ocrx_word' id='word_1_559' title='bbox 1119 2089 1184 2113; x_wconf 88' lang='lat' dir='ltr'>suo</span> <span class='ocrx_word' id='word_1_560' title='bbox 1202 2080 1345 2124; x_wconf 74' lang='lat' dir='ltr'>profert</span> <span class='ocrx_word' id='word_1_561' title='bbox 1372 2081 1484 2120; x_wconf 83' lang='lat' dir='ltr'>mala,</span> <span class='ocrx_word' id='word_1_562' title='bbox 1513 2079 1603 2124; x_wconf 90' lang='lat' dir='ltr'>quia</span> <span class='ocrx_word' id='word_1_563' title='bbox 1621 2083 1773 2116; x_wconf 86' lang='lat' dir='ltr'>contra-</span> 
     </span>
     <span class='ocr_line' id='line_1_97' title="bbox 990 2125 1770 2163; baseline 0.004 -3"><span class='ocrx_word' id='word_1_564' title='bbox 990 2125 1056 2160; x_wconf 77' lang='lat' dir='ltr'>riae</span> <span class='ocrx_word' id='word_1_565' title='bbox 1076 2136 1198 2161; x_wconf 84' lang='lat' dir='ltr'>causae</span> <span class='ocrx_word' id='word_1_566' title='bbox 1212 2127 1354 2162; x_wconf 87' lang='lat' dir='ltr'>habent</span> <span class='ocrx_word' id='word_1_567' title='bbox 1368 2127 1579 2163; x_wconf 85' lang='lat' dir='ltr'>contrarios</span> <span class='ocrx_word' id='word_1_568' title='bbox 1601 2127 1770 2163; x_wconf 80' lang='lat' dir='ltr'>effectus.</span> 
     </span>
     <span class='ocr_line' id='line_1_98' title="bbox 989 2172 1773 2218; baseline 0.005 -11"><span class='ocrx_word' id='word_1_569' title='bbox 989 2174 1040 2208; x_wconf 91' lang='lat' dir='ltr'>Ac</span> <span class='ocrx_word' id='word_1_570' title='bbox 1061 2172 1091 2207; x_wconf 90' lang='lat' dir='ltr'>si</span> <span class='ocrx_word' id='word_1_571' title='bbox 1120 2172 1218 2208; x_wconf 86' lang='lat' dir='ltr'>dicat</span> <span class='ocrx_word' id='word_1_572' title='bbox 1239 2184 1247 2208; x_wconf 76' lang='grc' dir='ltr'>ε</span> <span class='ocrx_word' id='word_1_573' title='bbox 1271 2175 1344 2209; x_wconf 88' lang='lat' dir='ltr'>Vos</span> <span class='ocrx_word' id='word_1_574' title='bbox 1372 2174 1461 2209; x_wconf 91' lang='lat' dir='ltr'>mali</span> <span class='ocrx_word' id='word_1_575' title='bbox 1494 2174 1597 2218; x_wconf 88' lang='lat' dir='ltr'>estis,</span> <span class='ocrx_word' id='word_1_576' title='bbox 1619 2174 1704 2210; x_wconf 91' lang='lat' dir='ltr'>ideo</span> <span class='ocrx_word' id='word_1_577' title='bbox 1727 2175 1773 2211; x_wconf 93' lang='lat' dir='ltr'>de</span> 
     </span>
     <span class='ocr_line' id='line_1_99' title="bbox 989 2219 1774 2266; baseline 0.005 -12"><span class='ocrx_word' id='word_1_578' title='bbox 989 2220 1166 2255; x_wconf 88' lang='lat' dir='ltr'>thesauro</span> <span class='ocrx_word' id='word_1_579' title='bbox 1187 2219 1313 2255; x_wconf 89' lang='lat' dir='ltr'>cordis</span> <span class='ocrx_word' id='word_1_580' title='bbox 1334 2220 1462 2266; x_wconf 86' lang='lat' dir='ltr'>vestri,</span> <span class='ocrx_word' id='word_1_581' title='bbox 1486 2232 1561 2257; x_wconf 86' lang='lat' dir='ltr'>non</span> <span class='ocrx_word' id='word_1_582' title='bbox 1582 2221 1654 2257; x_wconf 89' lang='lat' dir='ltr'>nisi</span> <span class='ocrx_word' id='word_1_583' title='bbox 1673 2222 1774 2258; x_wconf 87' lang='lat' dir='ltr'>mala</span> 
     </span>
     <span class='ocr_line' id='line_1_100' title="bbox 989 2267 1773 2314; baseline 0.005 -13"><span class='ocrx_word' id='word_1_584' title='bbox 989 2267 1180 2313; x_wconf 86' lang='lat' dir='ltr'>profertis.</span> <span class='ocrx_word' id='word_1_585' title='bbox 1204 2267 1415 2304; x_wconf 86' lang='lat' dir='ltr'>Secundum</span> <span class='ocrx_word' id='word_1_586' title='bbox 1457 2269 1622 2305; x_wconf 80' lang='lat' dir='ltr'>Glossam</span> <span class='ocrx_word' id='word_1_587' title='bbox 1657 2269 1773 2314; x_wconf 89' lang='lat' dir='ltr'>enim,</span> 
     </span>
     <span class='ocr_line' id='line_1_101' title="bbox 989 2314 1773 2363; baseline 0.004 -14"><span class='ocrx_word' id='word_1_588' title='bbox 989 2315 1190 2350; x_wconf 87' lang='lat' dir='ltr'>thesaurus</span> <span class='ocrx_word' id='word_1_589' title='bbox 1210 2314 1334 2351; x_wconf 87' lang='lat' dir='ltr'>cordis</span> <span class='ocrx_word' id='word_1_590' title='bbox 1361 2319 1417 2352; x_wconf 88' lang='lat' dir='ltr'>est</span> <span class='ocrx_word' id='word_1_591' title='bbox 1438 2315 1612 2361; x_wconf 87' lang='lat' dir='ltr'>intentio,</span> <span class='ocrx_word' id='word_1_592' title='bbox 1633 2327 1676 2353; x_wconf 88' lang='lat' dir='ltr'>ex</span> <span class='ocrx_word' id='word_1_593' title='bbox 1700 2327 1773 2363; x_wconf 87' lang='lat' dir='ltr'>qua</span> 
     </span>
     <span class='ocr_line' id='line_1_102' title="bbox 990 2361 1773 2409; baseline 0.005 -13"><span class='ocrx_word' id='word_1_594' title='bbox 990 2361 1370 2408; x_wconf 81' lang='lat' dir='ltr'>Deusjudicatopera3</span> <span class='ocrx_word' id='word_1_595' title='bbox 1382 2364 1482 2399; x_wconf 90' lang='lat' dir='ltr'>unde</span> <span class='ocrx_word' id='word_1_596' title='bbox 1491 2363 1694 2409; x_wconf 86' lang='lat' dir='ltr'>aliquando</span> <span class='ocrx_word' id='word_1_597' title='bbox 1706 2363 1773 2400; x_wconf 93' lang='lat' dir='ltr'>mi-</span> 
     </span>
     <span class='ocr_line' id='line_1_103' title="bbox 988 2410 1771 2457; baseline 0.005 -14"><span class='ocrx_word' id='word_1_598' title='bbox 988 2419 1082 2444; x_wconf 88' lang='lat' dir='ltr'>nora</span> <span class='ocrx_word' id='word_1_599' title='bbox 1094 2410 1290 2455; x_wconf 78' lang='lat' dir='ltr'>maJ&#39;orem,</span> <span class='ocrx_word' id='word_1_600' title='bbox 1304 2412 1341 2445; x_wconf 90' lang='lat' dir='ltr'>et</span> <span class='ocrx_word' id='word_1_601' title='bbox 1352 2411 1497 2457; x_wconf 85' lang='lat' dir='ltr'>majora</span> <span class='ocrx_word' id='word_1_602' title='bbox 1509 2411 1695 2447; x_wconf 85' lang='lat' dir='ltr'>minorem</span> <span class='ocrx_word' id='word_1_603' title='bbox 1708 2412 1771 2447; x_wconf 84' lang='lat' dir='ltr'>ha-</span> 
     </span>
     <span class='ocr_line' id='line_1_104' title="bbox 988 2456 1770 2505; baseline 0.004 -14"><span class='ocrx_word' id='word_1_604' title='bbox 988 2456 1078 2492; x_wconf 90' lang='lat' dir='ltr'>bent</span> <span class='ocrx_word' id='word_1_605' title='bbox 1095 2457 1320 2493; x_wconf 88' lang='lat' dir='ltr'>mercedem.</span> <span class='ocrx_word' id='word_1_606' title='bbox 1337 2458 1443 2504; x_wconf 84' lang='lat' dir='ltr'>Saepe</span> <span class='ocrx_word' id='word_1_607' title='bbox 1457 2458 1559 2494; x_wconf 90' lang='lat' dir='ltr'>enim</span> <span class='ocrx_word' id='word_1_608' title='bbox 1575 2459 1720 2505; x_wconf 88' lang='lat' dir='ltr'>majora</span> <span class='ocrx_word' id='word_1_609' title='bbox 1732 2458 1770 2494; x_wconf 88' lang='lat' dir='ltr'>in</span> 
     </span>
     <span class='ocr_line' id='line_1_105' title="bbox 988 2503 1771 2550; baseline 0.005 -12"><span class='ocrx_word' id='word_1_610' title='bbox 988 2514 1140 2549; x_wconf 82' lang='lat' dir='ltr'>genere,</span> <span class='ocrx_word' id='word_1_611' title='bbox 1157 2503 1293 2540; x_wconf 87' lang='lat' dir='ltr'>minori</span> <span class='ocrx_word' id='word_1_612' title='bbox 1311 2504 1405 2541; x_wconf 81' lang='lat' dir='ltr'>fiunt</span> <span class='ocrx_word' id='word_1_613' title='bbox 1417 2505 1587 2550; x_wconf 86' lang='lat' dir='ltr'>caritate,</span> <span class='ocrx_word' id='word_1_614' title='bbox 1599 2510 1636 2542; x_wconf 87' lang='lat' dir='ltr'>et</span> <span class='ocrx_word' id='word_1_615' title='bbox 1650 2517 1670 2542; x_wconf 93' lang='lat' dir='ltr'>e</span> <span class='ocrx_word' id='word_1_616' title='bbox 1685 2517 1771 2542; x_wconf 90' lang='lat' dir='ltr'>con-</span> 
     </span>
     <span class='ocr_line' id='line_1_106' title="bbox 987 2551 1769 2599; baseline 0.005 -14"><span class='ocrx_word' id='word_1_617' title='bbox 987 2561 1097 2586; x_wconf 88' lang='lat' dir='ltr'>verso</span> <span class='ocrx_word' id='word_1_618' title='bbox 1115 2562 1123 2595; x_wconf 90' lang='lat'>;</span> <span class='ocrx_word' id='word_1_619' title='bbox 1143 2551 1238 2587; x_wconf 87' lang='lat' dir='ltr'>sicut</span> <span class='ocrx_word' id='word_1_620' title='bbox 1262 2562 1361 2598; x_wconf 79' lang='lat' dir='ltr'>saepe</span> <span class='ocrx_word' id='word_1_621' title='bbox 1381 2552 1520 2599; x_wconf 90' lang='lat' dir='ltr'>aliquis</span> <span class='ocrx_word' id='word_1_622' title='bbox 1552 2554 1686 2599; x_wconf 83' lang='lat' dir='ltr'>maJ&#39;ori</span> <span class='ocrx_word' id='word_1_623' title='bbox 1708 2563 1769 2589; x_wconf 87' lang='lat' dir='ltr'>ca-</span> 
     </span>
     <span class='ocr_line' id='line_1_107' title="bbox 987 2597 1769 2647; baseline 0.003 -14"><span class='ocrx_word' id='word_1_624' title='bbox 987 2597 1099 2634; x_wconf 84' lang='lat' dir='ltr'>ritate</span> <span class='ocrx_word' id='word_1_625' title='bbox 1126 2599 1190 2634; x_wconf 88' lang='lat' dir='ltr'>dat</span> <span class='ocrx_word' id='word_1_626' title='bbox 1216 2599 1510 2646; x_wconf 83' lang='lat' dir='ltr'>eleemosynam,</span> <span class='ocrx_word' id='word_1_627' title='bbox 1538 2611 1650 2647; x_wconf 88' lang='lat' dir='ltr'>quam</span> <span class='ocrx_word' id='word_1_628' title='bbox 1674 2599 1769 2636; x_wconf 87' lang='lat' dir='ltr'>alius</span> 
     </span>
     <span class='ocr_line' id='line_1_108' title="bbox 988 2646 1769 2694; baseline 0.003 -14"><span class='ocrx_word' id='word_1_629' title='bbox 988 2648 1114 2681; x_wconf 82' lang='lat' dir='ltr'>cantat</span> <span class='ocrx_word' id='word_1_630' title='bbox 1144 2647 1298 2682; x_wconf 89' lang='lat' dir='ltr'>missam</span> <span class='ocrx_word' id='word_1_631' title='bbox 1336 2659 1343 2683; x_wconf 91' lang='lat'>:</span> <span class='ocrx_word' id='word_1_632' title='bbox 1374 2648 1537 2694; x_wconf 89' lang='lat' dir='ltr'>ideoque</span> <span class='ocrx_word' id='word_1_633' title='bbox 1562 2648 1623 2683; x_wconf 84' lang='lat' dir='ltr'>hic</span> <span class='ocrx_word' id='word_1_634' title='bbox 1649 2646 1769 2693; x_wconf 83' lang='lat' dir='ltr'>magis</span> 
     </span>
     <span class='ocr_line' id='line_1_109' title="bbox 988 2694 1769 2741; baseline 0.003 -13"><span class='ocrx_word' id='word_1_635' title='bbox 988 2696 1156 2730; x_wconf 87' lang='lat' dir='ltr'>meretur</span> <span class='ocrx_word' id='word_1_636' title='bbox 1175 2694 1221 2730; x_wconf 90' lang='lat' dir='ltr'>de</span> <span class='ocrx_word' id='word_1_637' title='bbox 1243 2694 1495 2741; x_wconf 87' lang='lat' dir='ltr'>eleemosyna,</span> <span class='ocrx_word' id='word_1_638' title='bbox 1512 2705 1625 2740; x_wconf 84' lang='lat' dir='ltr'>quam</span> <span class='ocrx_word' id='word_1_639' title='bbox 1642 2694 1704 2730; x_wconf 89' lang='lat' dir='ltr'>ille</span> <span class='ocrx_word' id='word_1_640' title='bbox 1723 2694 1769 2730; x_wconf 90' lang='lat' dir='ltr'>de</span> 
     </span>
     <span class='ocr_line' id='line_1_110' title="bbox 988 2739 1771 2788; baseline 0.003 -13"><span class='ocrx_word' id='word_1_641' title='bbox 988 2739 1114 2776; x_wconf 85' lang='lat' dir='ltr'>missa.</span> <span class='ocrx_word' id='word_1_642' title='bbox 1147 2742 1266 2783; x_wconf 89' lang='lat' dir='ltr'>Unde,</span> <span class='ocrx_word' id='word_1_643' title='bbox 1296 2742 1523 2788; x_wconf 86' lang='lat' dir='ltr'>paupercula</span> <span class='ocrx_word' id='word_1_644' title='bbox 1552 2741 1664 2777; x_wconf 87' lang='lat' dir='ltr'>vidua</span> <span class='ocrx_word' id='word_1_645' title='bbox 1687 2741 1771 2777; x_wconf 90' lang='lat' dir='ltr'>mit-</span> 
     </span>
     <span class='ocr_line' id='line_1_111' title="bbox 986 2788 1767 2836; baseline 0.004 -14"><span class='ocrx_word' id='word_1_646' title='bbox 986 2788 1099 2824; x_wconf 87' lang='lat' dir='ltr'>tendo</span> <span class='ocrx_word' id='word_1_647' title='bbox 1117 2789 1155 2824; x_wconf 90' lang='lat' dir='ltr'>in</span> <span class='ocrx_word' id='word_1_648' title='bbox 1182 2789 1490 2836; x_wconf 80' lang='lat' dir='ltr'>gozophylacium</span> <span class='ocrx_word' id='word_1_649' title='bbox 1524 2789 1667 2833; x_wconf 86' lang='lat' dir='ltr'>Templi</span> <span class='ocrx_word' id='word_1_650' title='bbox 1694 2789 1767 2825; x_wconf 93' lang='lat' dir='ltr'>duo</span> 
     </span>
     <span class='ocr_line' id='line_1_112' title="bbox 986 2835 1764 2883; baseline 0.001 -12"><span class='ocrx_word' id='word_1_651' title='bbox 986 2835 1144 2881; x_wconf 88' lang='lat' dir='ltr'>minuta,</span> <span class='ocrx_word' id='word_1_652' title='bbox 1164 2837 1362 2883; x_wconf 84' lang='lat' dir='ltr'>parificata</span> <span class='ocrx_word' id='word_1_653' title='bbox 1381 2839 1437 2874; x_wconf 89' lang='lat' dir='ltr'>est</span> <span class='ocrx_word' id='word_1_654' title='bbox 1456 2835 1561 2873; x_wconf 85' lang='lat' dir='ltr'>diviti</span> <span class='ocrx_word' id='word_1_655' title='bbox 1583 2836 1737 2873; x_wconf 84' lang='lat' dir='ltr'>Zachaeo</span> <span class='ocrx_word' id='word_1_656' title='bbox 1754 2847 1764 2880; x_wconf 91' lang='grc'><strong>;</strong></span> 
     </span>
    </p>
   </div>
  </div>
 </body>
</html>
