1894 3186
151 165 212 199 290
599 158 744 193 PRIMAE
781 157 938 191 PARTIS

152 242 268 279 guere
285 240 349 267 eos
368 231 520 277 propter
540 227 666 265 odium
683 239 691 273 ;
711 228 794 264 ideo
815 237 923 263 voea-

151 281 241 317 bant
261 289 346 314 eum
369 277 645 314 Samaritanum
678 278 713 311 et
733 274 838 321 quasi
856 275 922 310 ad-

145 326 364 363 versarium.
379 324 460 368 Vel,
480 323 567 369 quia
585 323 813 360 Samaritani
836 332 919 367 par-

141 374 210 410 tim
235 375 370 418 Legem
391 372 591 408 servabant
619 375 655 406 et
688 371 823 415 partim
845 380 920 404 non

142 422 357 463 servabant,
392 419 561 454 videntes
592 417 712 454 Judaei
734 416 921 453 Christum

142 468 182 504 in
202 467 328 512 aliquo
349 468 485 512 Legem
502 468 715 502 servantem
736 466 772 499 et
794 462 833 498 in
851 462 917 498 ali-

144 526 216 561 quo
238 514 520 557 dissolventem,
544 513 731 549 vocabant
748 521 832 546 eum
859 510 919 546 Sa-

143 561 387 605 maritanum,
410 560 515 607 quasi
532 571 554 596 a
576 561 672 605 Lege
692 557 818 594 divina
831 557 919 608 alie-

145 620 249 645 num.
269 609 348 649 Vel,
369 619 390 644 a
412 607 658 644 Samaritanis
680 615 764 641 cum
786 604 919 649 quibus

145 659 386 692 conversatus
407 658 501 699 erat,
531 664 616 690 eum
643 652 919 703 samaritanum

144 703 250 750 quasi
264 706 501 750 peecatorem
517 701 714 743 vocabant,
733 708 822 744 quta
836 708 919 743 pec-

145 755 291 787 catores
312 750 397 786 illos
420 749 659 796 reputabant,
681 756 751 781 nec
774 744 827 780 eis
851 755 920 780 co-

143 797 198 833 uti
221 798 407 833 volebant.
431 816 475 823 -
497 795 677 831 Dicebant
697 792 810 829 etiam
835 802 919 827 eum

142 846 358 881 dcemom'um
388 844 530 886 habere,
552 844 707 888 propter
733 838 920 875 mirabilia

142 902 226 938 quae
241 892 412 932 faciebat,
430 900 513 936 quse
529 888 735 925 Beelzebub
752 890 788 923 et
804 886 918 931 magi-

141 939 193 975 cis
214 940 357 974 artibus
378 937 625 983 imputabant.
648 936 728 979 Vel,
748 934 835 979 quia
855 944 920 968 eo-

140 985 342 1032 gitationes
361 988 397 1020 et
418 987 562 1020 secreta
583 993 713 1019 eorum
731 981 921 1017 revelabat

140 1037 176 1069 et
198 1033 414 1078 frequenter
441 1032 610 1074 dicebat3
634 1029 734 1075 quod
755 1027 919 1064 daemoni

140 1079 411 1122 attribuebant,
434 1079 492 1114 eui
510 1083 639 1113 tamen
664 1076 835 1111 cordium
856 1086 917 1110 oc-

140 1127 239 1164 culta
260 1130 345 1162 sunt
374 1124 608 1162 abscondita.
633 1124 711 1167 Vel,
735 1122 823 1168 quia
856 1121 920 1158 ali-

141 1175 289 1220 quando
303 1174 473 1219 quaedam
486 1173 562 1208 alta
576 1177 612 1208 ct
625 1170 776 1207 subtilia
794 1170 920 1215 loque-

140 1222 264 1265 batur,
285 1232 367 1267 quas
389 1231 463 1256 non
489 1218 765 1264 intelligebant,
790 1217 918 1252 erede-

138 1269 230 1305 bant
250 1268 350 1314 quod
369 1266 474 1313 quasi
506 1265 691 1302 daemonio
714 1265 845 1309 plenus
866 1264 919 1299 lo-

145 1321 341 1361 queretur,
354 1319 391 1350 et
412 1324 497 1350 eum
518 1311 762 1359 arrepticiam
776 1314 922 1357 reputa-

140 1363 245 1399 bant.
262 1363 438 1398 Dominus
453 1365 579 1397 autem
591 1360 664 1404 hic,
682 1360 775 1394 sicut
792 1364 827 1394 et
843 1357 920 1393 ubi-

143 1420 229 1455 que,
244 1410 291 1445 ad
307 1408 493 1454 patienti-te
506 1412 541 1443 et
554 1405 851 1442 mansuetudinis
865 1416 920 1439 ex-

143 1457 309 1501 emplum
327 1466 393 1491 nos
414 1458 604 1501 provocat,
622 1453 708 1499 quia
729 1452 922 1488 humiliter

141 1506 178 1540 ct
200 1506 408 1547 mansuete,
422 1501 599 1548 inJuriam
615 1499 788 1536 declinat.
805 1500 920 1534 Acce-

139 1554 204 1597 pta
224 1550 375 1597 injuria,
393 1560 465 1585 non
486 1548 674 1592 irascitur,
697 1556 817 1592 neque
835 1557 920 1581 eon-

139 1597 238 1634 vitiis
259 1596 420 1633 convitia
442 1595 580 1639 reddit,
603 1598 652 1639 et,
672 1599 714 1630 ut
737 1594 826 1629 dicit
848 1594 918 1628 Pe-

137 1647 220 1681 trus
242 1656 251 1680 ι
274 1645 362 1681 Cum
382 1644 661 1679 malediceretur
678 1652 749 1677 non
768 1641 920 1677 maledi-

138 1694 253 1728 cebat.
277 1693 321 1727 Et
348 1692 514 1735 attende,
535 1689 650 1735 quod,
679 1689 766 1724 licet
789 1687 917 1724 Domi-

137 1750 207 1775 nus
231 1740 381 1775 Judaeos
403 1748 501 1783 saepe
528 1735 696 1773 docendo
720 1735 777 1771 vel
800 1735 917 1770 corri-

136 1787 259 1832 gendo
280 1786 374 1821 dure
393 1788 430 1820 et
455 1795 587 1831 aspere
607 1781 916 1828 reprehenderit,-

137 1837 305 1870 attamen
323 1832 417 1868 dura
438 1833 553 1867 verba
575 1831 633 1866 vel
654 1830 751 1865 faeta
774 1828 862 1876 ipsis
886 1828 918 1864 ei

136 1880 400 1923 inferentibus,
415 1888 634 1923 numquam,
644 1877 701 1912 vel
715 1876 775 1911 hic
785 1876 842 1911 vel
855 1876 919 1912 ali-

135 1927 189 1972 bi,
201 1928 293 1963 dure
303 1930 366 1962 aut
379 1936 512 1972 aspere
526 1923 732 1970 respondit,
744 1923 920 1959 erudiens

137 1985 220 2013 nos.
257 1973 465 2009 secundum
500 1974 805 2017 Glzrysostomzmz,
835 1981 917 2016 qum

139 2021 187 2057 ad
212 2022 329 2056 Deum
364 2019 567 2064 pertinent,
591 2018 781 2054 vindicare
804 2029 812 2061 3
837 2028 919 2063 quai

142 2079 230 2104 vero
250 2068 297 2104 ad
318 2078 397 2111 nos,
421 2067 625 2112 despicere.
641 2065 758 2109 Unde,
781 2075 865 2100 eum
882 2064 920 2100 in

141 2115 299 2151 veritate
326 2114 379 2150 eis
406 2114 633 2160 respondere
657 2115 784 2159 posset
812 2128 818 2147 :
848 2113 920 2147 Vos

141 2162 244 2206 estis,
261 2161 324 2208 qui
351 2160 578 2197 daemonium
600 2159 765 2203 habetis‚·
793 2162 919 2195 tamen

139 2209 272 2253 noluit,
302 2209 366 2244 sed
390 2208 544 2253 malum,
568 2208 667 2253 quod
694 2206 733 2242 in
756 2205 808 2241 eis
836 2216 918 2242 esse

141 2255 328 2301 cognovit,
349 2256 534 2300 patienter
551 2255 680 2298 tacuit,
695 2253 916 2289 imitabilem

139 2304 249 2339 nobis
272 2302 492 2349 patientiam
515 2301 732 2344 ostendens,
754 2303 794 2336 ut
817 2310 916 2346 quo—

137 2350 207 2385 ties
227 2361 248 2385 a
273 2349 451 2395 proximis
474 2350 632 2395 injurias
654 2348 832 2393 patimur,
856 2358 915 2383 eo-

134 2407 219 2433 rum
236 2397 350 2432 etiam
365 2407 454 2432 vera
471 2397 569 2432 mala
589 2396 777 2440 patienter
794 2399 914 2430 tacea-

133 2454 230 2489 mus,
254 2454 300 2479 ne
322 2444 416 2479 sorte
438 2442 523 2478 talis
548 2441 751 2488 correptio,
774 2452 849 2477 non
872 2453 914 2477 ex

133 2490 347 2534 dilectione,
368 2490 432 2525 sed
447 2500 489 2525 ex
504 2489 601 2533 odio,
623 2493 709 2524 nata
729 2490 911 2525 videatur.

132 2539 172 2573 In
191 2537 248 2573 nis
265 2548 368 2583 ergo,
386 2537 589 2572 secundum
608 2536 835 2580 Greqorz‘um,
854 2546 914 2570 sn-

130 2584 264 2631 perbia
300 2588 429 2620 nostra
464 2583 716 2626 confunditur,
757 2593 839 2627 quse
882 2582 911 2617 si

130 2633 318 2677 exagitata
338 2631 394 2666 vel
411 2630 542 2666 leviter
556 2630 680 2672 fuerit,
703 2632 911 2664 atrociores

127 2678 284 2725 injurias
307 2678 431 2714 reddit
455 2687 566 2723 quam
601 2679 797 2721 acceperat
818 2687 826 2719 ;
848 2676 911 2711 fa-

127 2726 177 2761 cit
198 2726 298 2762 mala
318 2736 401 2772 quae
429 2727 564 2771 potest,
587 2726 623 2759 et
654 2723 820 2758 minatur
846 2722 908 2759 fa·-

127 2783 212 2810 cere
226 2784 309 2820 quae
324 2783 401 2810 non
417 2773 552 2819 potest.
573 2771 654 2807 Duo
671 2769 808 2815 quippe
826 2770 907 2806 Do-

976 156 1111 190 CAPUT
1150 156 1330 190 LXXXIV

1002 225 1104 261 mino
1118 225 1220 262 illata
1235 225 1403 262 fuerant:
1424 235 1539 262 unum
1557 227 1720 272 negavit,
1739 230 1776 264 et

1000 273 1102 309 aliud
1122 273 1278 325 tacendo
1301 272 1502 310 consensit.
1525 274 1654 309 Tacuit
1675 275 1774 320 quod

998 323 1230 365 recognovit,
1249 324 1286 356 et
1305 320 1491 366 patienter
1515 321 1653 364 repulit
1675 322 1772 367 quod

998 368 1139 403 dictum
1159 367 1341 403 fallaciter
1359 367 1514 403 audivit.
1540 369 1774 404 Daemonium

999 425 1037 450 se
1057 425 1132 450 non
1153 415 1294 451 habere
1313 415 1508 460 respondit
1528 414 1656 451 dicens
1675 427 1682 451 :
1699 418 1775 460 Ego

997 462 1213 498 daemonium
1230 473 1303 498 non
1319 462 1449 504 habeo;
1468 462 1534 498 sed
1554 467 1681 498 tamen
1700 463 1774 498 Sa-

997 510 1224 545 maritanum
1255 520 1332 544 non
1369 519 1452 544 esse
1484 510 1648 556 negavit.
1680 509 1774 553 Quia

996 557 1098 591 enim
1131 555 1389 592 Samaritanus
1433 555 1702 602 interpretatur
1722 567 1778 593 cu-

996 606 1082 649 stos,
1095 607 1132 639 et
1142 603 1220 650 ipse
1232 603 1418 650 praecipue
1431 609 1554 639 eustos
1565 607 1693 640 noster
1704 606 1772 640 est:

995 652 1075 688 Non
1089 653 1183 686 enim
1199 652 1372 686 dormitat
1387 652 1451 696 qui
1461 652 1619 687 custodit
1637 652 1754 687 Israel
1761 662 1772 696 ;

994 696 1078 734 ideo
1098 708 1136 734 se
1155 698 1429 734 samaritanum
1460 708 1541 734 esse
1564 709 1640 734 non
1660 709 1776 744 nega-

995 744 1058 782 vit.
1084 745 1239 790 Negavit
1260 748 1384 780 autem
1403 744 1629 780 daemonium
1651 755 1690 781 se
1709 746 1775 781 ha-

994 792 1098 836 bere,
1120 792 1291 828 diabolus
1312 790 1410 827 enim
1429 791 1563 827 honori
1585 791 1652 828 Dei
1679 791 1772 828 resi-

996 838 1082 883 stit;
1111 841 1174 885 qui
1199 850 1287 885 ergo
1318 839 1499 874 honorem
1532 838 1599 874 Dei
1623 839 1772 885 quaerit,

996 886 1141 922 alienus
1167 897 1188 922 a
1221 886 1368 922 diabolo
1398 889 1468 928 est,
1491 889 1526 921 et
1562 885 1646 922 ideo
1668 886 1772 922 Chri-

996 933 1157 979 stusqui
1175 934 1214 968 iu
1229 934 1328 969 liunc
1343 933 1520 968 mundum
1536 933 1648 974 venit,
1660 938 1700 970 ut
1713 934 1776 970 ho·

995 980 1168 1016 norisii-et
1185 981 1333 1016 Patrem
1350 990 1471 1024 suum,
1486 980 1626 1016 scilieet
1639 982 1773 1026 Deum,

995 1028 1225 1063 dtemonium
1249 1028 1465 1063 nonhabet.

1043 1090 1062 1121 ς)
1086 1075 1249 1110 Gronau
1273 1086 1363 1110 SUAM
1386 1086 1455 1110 Nox
1472 1086 1641 1114 QL'AEsivlr
1660 1075 1775 1110 Dom-

995 1134 1076 1158 Nus.
1090 1142 1134 1148 —
1154 1122 1258 1158 Unde
1272 1122 1346 1158 ait:
1366 1122 1436 1158 Sed
1455 1123 1646 1167 honorifico
1658 1123 1776 1158 Deum

994 1171 1139 1205 Patrem
1160 1180 1288 1209 meum,
1312 1169 1538 1204 declarando
1561 1170 1642 1215 ejus
1661 1169 1777 1204 virtu-

996 1220 1071 1252 tem
1086 1216 1124 1252 in
1143 1216 1346 1260 miraculis,
1370 1220 1405 1252 et
1424 1215 1550 1252 omnia
1570 1217 1603 1252 ei
1621 1216 1777 1252 attribu-

997 1264 1107 1308 endo,
1126 1275 1190 1309 pro
1206 1264 1264 1309 cuj
1273 1274 1314 1299 us
1330 1264 1471 1299 honore
1486 1274 1548 1298 vos
1561 1274 1616 1299 me
1629 1264 1776 1298 inhono-

994 1313 1120 1353 rastis,
1132 1321 1200 1357 per
1210 1312 1301 1346 salsa
1314 1310 1528 1356 opprobria,
1541 1314 1575 1345 et
1585 1310 1684 1356 quod
1694 1309 1776 1345 vir—

999 1357 1065 1393 tuti
1079 1358 1213 1393 dixinae
1223 1358 1480 1393 tantummodo
1490 1357 1775 1400 attribuidebet,

997 1405 1158 1440 daemoni
1176 1404 1411 1440 ascribendo.
1429 1406 1517 1448 lmo,
1530 1404 1569 1439 in
1587 1405 1657 1439 hoe
1672 1404 1774 1449 quod

997 1451 1255 1488 inhonorastis
1276 1462 1348 1492 me,
1379 1450 1633 1487 inhonorastis
1653 1455 1688 1486 et
1708 1452 1775 1486 Pa-

996 1502 1092 1534 trem
1111 1510 1248 1542 meum3
1266 1498 1327 1543 qui
1345 1500 1443 1533 enim
1461 1509 1535 1533 non
1548 1497 1776 1533 honorificat

996 1546 1143 1590 Filium,
1154 1557 1221 1582 nec
1234 1545 1459 1581 honorificat
1472 1546 1620 1580 Patrem
1631 1546 1692 1590 qui
1709 1543 1774 1580 mi-

996 1593 1043 1628 sit
1065 1593 1182 1628 illum.
1207 1595 1312 1635 Item,
1336 1592 1456 1628 omnis
1477 1592 1620 1628 hahens
1638 1592 1775 1627 daemo-

995 1640 1113 1684 nium,
1138 1639 1202 1686 qui
1224 1645 1280 1676 est
1302 1650 1366 1675 rex
1393 1650 1504 1685 super
1525 1649 1657 1675 omnes
1678 1639 1775 1674 tilios

994 1687 1195 1732 superbiae,
1223 1688 1405 1733 superbus
1427 1690 1495 1730 est,
1517 1690 1552 1722 et
1573 1697 1612 1722 se
1633 1685 1776 1722 extollit

995 1735 1198 1780 quaereudo
1220 1733 1379 1780 gloriam
1401 1744 1528 1778 suam3
1555 1736 1632 1778 Eyo
1655 1736 1775 1768 autem

993 1793 1065 1817 non
1077 1781 1142 1825 sie,
1154 1793 1227 1817 nou
1242 1781 1340 1817 enim
1350 1791 1468 1826 quaero
1477 1782 1632 1825 ylorz'am
1643 1791 1771 1821 meam,

995 1829 1091 1864 sicut
1109 1827 1433 1873 simulatores‚qui
1454 1838 1492 1863 se
1511 1827 1774 1870 ostendunt‚et

995 1879 1170 1921 quaerunt
1187 1876 1304 1911 videri
1319 1875 1418 1921 quod
1436 1885 1511 1910 non
1533 1877 1632 1910 sunt.
1652 1875 1697 1909 Et
1714 1884 1772 1910 ve·

994 1934 1122 1959 renen
1136 1921 1564 1968 quae1·itgl«›rian1suam,
1579 1922 1639 1967 qui
1653 1924 1775 1957 semet-

995 1972 1116 2016 ipsum
1139 1971 1347 2005 eoez'nam'vit
1371 1972 1526 2012 formam
1552 1970 1648 2004 servi
1668 1969 1771 2004 acci—

991 2020 1109 2063 piens,
1138 2018 1218 2053 Non
1258 2018 1433 2062 quaesivit
1460 2015 1498 2051 in
1526 2015 1597 2051 isto
1631 2015 1771 2051 mundo

995 2064 1168 2110 gloriam,
1192 2075 1261 2100 nec
1282 2064 1395 2099 ullum
1427 2062 1766 2108 inagnificentian13

995 2111 1098 2147 venit
1115 2111 1228 2154 enim,
1252 2116 1290 2146 ut
1307 2111 1458 2146 doceret
1474 2120 1623 2146 omnem
1643 2108 1772 2145 mundi

994 2158 1153 2204 gloriam
1181 2158 1507 2194 contemnendam.
1531 2158 1571 2192 In
1592 2160 1772 2202 quantum

992 2207 1104 2241 homo
1120 2205 1376 2250 est,loquitur,
1392 2214 1475 2239 cum
1488 2203 1682 2247 dicinEyo
1697 2214 1769 2238 non

993 2264 1112 2298 quaero
1127 2254 1282 2297 ,qloriam
1296 2262 1422 2290 meam,
1437 2250 1536 2286 solus
1553 2250 1653 2286 enim
1670 2251 1770 2286 Deus

993 2304 1062 2344 est,
1085 2299 1147 2345 qui
1172 2302 1295 2345 potest
1321 2297 1479 2345 gloriam
1502 2308 1607 2333 suam
1627 2307 1770 2342 quaere-

991 2357 1031 2383 re
1055 2348 1195 2392 absque
1223 2346 1330 2391 culpa
1359 2348 1393 2381 et
1419 2348 1591 2391 peceato;
1615 2343 1678 2380 alii
1701 2354 1767 2380 au-

989 2397 1065 2430 tem
1079 2404 1154 2429 non
1171 2392 1243 2428 nisi
1261 2392 1299 2428 in
1319 2394 1407 2427 Deo.
1425 2392 1498 2428 Sed
1515 2395 1579 2435 est,
1599 2393 1766 2437 quiquae-

987 2444 1047 2476 rat
1066 2451 1192 2476 veram
1214 2443 1248 2475 et
1269 2438 1433 2475 debitam
1452 2438 1610 2485 gloriam
1630 2448 1766 2482 meam,

988 2488 1179 2533 etjadicet,
1197 2485 1337 2522 seilicet
1352 2485 1493 2531 judicio
1513 2483 1765 2528 discretionis,

987 2534 1024 2569 id
1045 2538 1101 2570 est
1123 2545 1144 2570 a
1167 2533 1285 2579 gloria
1305 2536 1428 2568 vestra
1450 2533 1625 2577 humana,
1649 2535 1685 2567 et
1707 2541 1765 2566 se-

987 2582 1148 2617 eundum
1178 2580 1345 2616 seculum
1380 2579 1570 2615 discernat
1593 2583 1628 2615 et
1656 2588 1763 2624 sepa-

986 2632 1056 2671 ret,
1087 2627 1228 2663 scilicet
1260 2628 1372 2662 Pater
1396 2637 1516 2670 meus,
1543 2625 1605 2672 qui
1636 2636 1696 2661 me
1727 2628 1764 2660 et

986 2675 1240 2721 glorificantes
1257 2684 1316 2709 me
1337 2677 1570 2717 re111unerat;
1592 2676 1628 2709 et
1644 2682 1709 2707 vos
1727 2674 1764 2707 et

989 2732 1118 2758 omnes
1145 2720 1208 2767 qui
1238 2731 1296 2756 me
1320 2731 1395 2755 non
1421 2720 1632 2766 glorificant
1663 2719 1766 2755 dam-

991 2773 1068 2806 nat.
1092 2770 1183 2806 Cum
1203 2767 1326 2814 itaque
1349 2766 1462 2804 Filius
1484 2766 1549 2804 Dei
1570 2766 1687 2804 multa
1710 2764 1765 2803 si*
