<?xml version="1.0" encoding="UTF-8"?>
<!DOCTYPE html PUBLIC "-//W3C//DTD XHTML 1.0 Transitional//EN"
    "http://www.w3.org/TR/xhtml1/DTD/xhtml1-transitional.dtd">
<html xmlns="http://www.w3.org/1999/xhtml" xml:lang="en" lang="en">
 <head>
  <title>
</title>
<meta http-equiv="Content-Type" content="text/html;charset=utf-8" />
  <meta name='ocr-system' content='tesseract 3.04.00' />
  <meta name='ocr-capabilities' content='ocr_page ocr_carea ocr_par ocr_line ocrx_word'/>
</head>
<body>
  <div class='ocr_page' id='page_1' title='image "./vitajesuchristie02ludouoft_0330.png"; bbox 0 0 1894 3186; ppageno 0'>
   <div class='ocr_carea' id='block_1_1' title="bbox 131 184 1319 232">
    <p class='ocr_par' dir='ltr' id='par_1_1' title="bbox 131 184 1319 232">
     <span class='ocr_line' id='line_1_1' title="bbox 131 184 1319 232; baseline -0.013 0"><span class='ocrx_word' id='word_1_1' title='bbox 131 197 191 232; x_wconf 75' lang='lat'>322</span> <span class='ocrx_word' id='word_1_2' title='bbox 580 189 725 224; x_wconf 79' lang='lat' dir='ltr'>PRIMAE</span> <span class='ocrx_word' id='word_1_3' title='bbox 763 189 922 224; x_wconf 81' lang='lat' dir='ltr'>PARTIS</span> <span class='ocrx_word' id='word_1_4' title='bbox 959 187 1095 221; x_wconf 67' lang='lat' dir='ltr'>CAPUT</span> <span class='ocrx_word' id='word_1_5' title='bbox 1135 184 1319 219; x_wconf 74' lang='lat' dir='ltr'>LXXXIX</span> 
     </span>
    </p>
   </div>
   <div class='ocr_carea' id='block_1_2' title="bbox 127 258 907 2855">
    <p class='ocr_par' dir='ltr' id='par_1_2' title="bbox 127 258 907 2661">
     <span class='ocr_line' id='line_1_2' title="bbox 132 258 899 306; baseline -0.01 -3"><span class='ocrx_word' id='word_1_6' title='bbox 132 270 165 302; x_wconf 78' lang='lat' dir='ltr'>et</span> <span class='ocrx_word' id='word_1_7' title='bbox 190 265 313 302; x_wconf 79' lang='lat' dir='ltr'>catelli</span> <span class='ocrx_word' id='word_1_8' title='bbox 335 263 459 306; x_wconf 78' lang='lat' dir='ltr'>edunt,</span> <span class='ocrx_word' id='word_1_9' title='bbox 485 263 555 296; x_wconf 90' lang='lat' dir='ltr'>etc.</span> <span class='ocrx_word' id='word_1_10' title='bbox 585 258 697 303; x_wconf 82' lang='lat' dir='ltr'>Quasi</span> <span class='ocrx_word' id='word_1_11' title='bbox 719 258 861 296; x_wconf 88' lang='lat' dir='ltr'>diceret</span> <span class='ocrx_word' id='word_1_12' title='bbox 889 269 899 295; x_wconf 74' lang='grc' dir='ltr'>ι</span> 
     </span>
     <span class='ocr_line' id='line_1_3' title="bbox 132 306 903 355; baseline -0.012 -5"><span class='ocrx_word' id='word_1_13' title='bbox 132 310 435 355; x_wconf 82' lang='lat' dir='ltr'>Sicatellialiqua</span> <span class='ocrx_word' id='word_1_14' title='bbox 449 306 608 351; x_wconf 89' lang='lat' dir='ltr'>modica,</span> <span class='ocrx_word' id='word_1_15' title='bbox 625 306 767 342; x_wconf 87' lang='lat' dir='ltr'>scilicet</span> <span class='ocrx_word' id='word_1_16' title='bbox 787 307 903 342; x_wconf 86' lang='lat' dir='ltr'>micas</span> 
     </span>
     <span class='ocr_line' id='line_1_4' title="bbox 131 354 900 400; baseline -0.01 -3"><span class='ocrx_word' id='word_1_17' title='bbox 131 360 308 397; x_wconf 81' lang='lat' dir='ltr'>cadentes</span> <span class='ocrx_word' id='word_1_18' title='bbox 330 357 375 393; x_wconf 94' lang='lat' dir='ltr'>de</span> <span class='ocrx_word' id='word_1_19' title='bbox 395 356 478 391; x_wconf 90' lang='lat' dir='ltr'>cibo</span> <span class='ocrx_word' id='word_1_20' title='bbox 502 354 590 390; x_wconf 83' lang='lat' dir='ltr'>filiis</span> <span class='ocrx_word' id='word_1_21' title='bbox 608 364 785 390; x_wconf 89' lang='lat' dir='ltr'>concesso</span> <span class='ocrx_word' id='word_1_22' title='bbox 816 365 900 400; x_wconf 90' lang='lat' dir='ltr'>per-</span> 
     </span>
     <span class='ocr_line' id='line_1_5' title="bbox 130 400 903 453; baseline -0.012 -9"><span class='ocrx_word' id='word_1_23' title='bbox 130 406 297 453; x_wconf 88' lang='lat' dir='ltr'>cipiunt;</span> <span class='ocrx_word' id='word_1_24' title='bbox 328 404 380 440; x_wconf 85' lang='lat' dir='ltr'>ita</span> <span class='ocrx_word' id='word_1_25' title='bbox 409 402 522 439; x_wconf 89' lang='lat' dir='ltr'>etiam</span> <span class='ocrx_word' id='word_1_26' title='bbox 560 400 722 438; x_wconf 78' lang='lat' dir='ltr'><strong>Gentiles</strong></span> <span class='ocrx_word' id='word_1_27' title='bbox 760 400 903 446; x_wconf 88' lang='lat' dir='ltr'>aliquid</span> 
     </span>
     <span class='ocr_line' id='line_1_6' title="bbox 130 446 903 491; baseline -0.012 0"><span class='ocrx_word' id='word_1_28' title='bbox 130 455 263 491; x_wconf 88' lang='lat' dir='ltr'>saltem</span> <span class='ocrx_word' id='word_1_29' title='bbox 282 451 472 488; x_wconf 90' lang='lat' dir='ltr'>modicum</span> <span class='ocrx_word' id='word_1_30' title='bbox 487 449 533 485; x_wconf 92' lang='lat' dir='ltr'>de</span> <span class='ocrx_word' id='word_1_31' title='bbox 553 447 749 485; x_wconf 86' lang='lat' dir='ltr'>beneficiis</span> <span class='ocrx_word' id='word_1_32' title='bbox 765 446 903 484; x_wconf 77' lang='lat' dir='ltr'>Christi</span> 
     </span>
     <span class='ocr_line' id='line_1_7' title="bbox 130 493 903 548; baseline -0.012 -10"><span class='ocrx_word' id='word_1_33' title='bbox 130 500 324 548; x_wconf 79' lang='lat' dir='ltr'>percipere</span> <span class='ocrx_word' id='word_1_34' title='bbox 360 498 511 534; x_wconf 86' lang='lat' dir='ltr'>debent.</span> <span class='ocrx_word' id='word_1_35' title='bbox 544 495 650 532; x_wconf 87' lang='lat' dir='ltr'>Unde</span> <span class='ocrx_word' id='word_1_36' title='bbox 671 495 724 531; x_wconf 89' lang='lat' dir='ltr'>sic</span> <span class='ocrx_word' id='word_1_37' title='bbox 739 493 903 539; x_wconf 85' lang='lat' dir='ltr'>intelligi</span> 
     </span>
     <span class='ocr_line' id='line_1_8' title="bbox 128 541 906 595; baseline -0.01 -11"><span class='ocrx_word' id='word_1_38' title='bbox 128 550 254 595; x_wconf 86' lang='lat' dir='ltr'>potest</span> <span class='ocrx_word' id='word_1_39' title='bbox 272 559 283 583; x_wconf 75' lang='lat' dir='ltr'><em>t</em></span> <span class='ocrx_word' id='word_1_40' title='bbox 304 547 397 583; x_wconf 90' lang='lat' dir='ltr'>Nam</span> <span class='ocrx_word' id='word_1_41' title='bbox 423 547 460 582; x_wconf 93' lang='lat' dir='ltr'>et</span> <span class='ocrx_word' id='word_1_42' title='bbox 479 542 615 584; x_wconf 88' lang='lat' dir='ltr'>catelli,</span> <span class='ocrx_word' id='word_1_43' title='bbox 637 542 675 578; x_wconf 93' lang='lat' dir='ltr'>id</span> <span class='ocrx_word' id='word_1_44' title='bbox 692 545 748 578; x_wconf 89' lang='lat' dir='ltr'>est</span> <span class='ocrx_word' id='word_1_45' title='bbox 773 541 906 578; x_wconf 87' lang='lat' dir='ltr'>Genti-</span> 
     </span>
     <span class='ocr_line' id='line_1_9' title="bbox 129 588 907 635; baseline -0.012 -3"><span class='ocrx_word' id='word_1_46' title='bbox 129 596 184 632; x_wconf 86' lang='lat' dir='ltr'>les</span> <span class='ocrx_word' id='word_1_47' title='bbox 203 592 387 631; x_wconf 85' lang='lat' dir='ltr'>immundi</span> <span class='ocrx_word' id='word_1_48' title='bbox 413 595 451 628; x_wconf 88' lang='lat' dir='ltr'>et</span> <span class='ocrx_word' id='word_1_49' title='bbox 468 589 612 635; x_wconf 90' lang='lat' dir='ltr'>miseri,</span> <span class='ocrx_word' id='word_1_50' title='bbox 640 589 769 633; x_wconf 86' lang='lat' dir='ltr'>edunt,</span> <span class='ocrx_word' id='word_1_51' title='bbox 792 588 832 624; x_wconf 90' lang='lat' dir='ltr'>id</span> <span class='ocrx_word' id='word_1_52' title='bbox 849 590 907 624; x_wconf 86' lang='lat' dir='ltr'>est</span> 
     </span>
     <span class='ocr_line' id='line_1_10' title="bbox 129 635 904 684; baseline -0.012 -5"><span class='ocrx_word' id='word_1_53' title='bbox 129 644 241 679; x_wconf 89' lang='lat' dir='ltr'>edere</span> <span class='ocrx_word' id='word_1_54' title='bbox 262 641 415 684; x_wconf 90' lang='lat' dir='ltr'>debent,</span> <span class='ocrx_word' id='word_1_55' title='bbox 439 638 486 675; x_wconf 91' lang='lat' dir='ltr'>de</span> <span class='ocrx_word' id='word_1_56' title='bbox 506 637 626 681; x_wconf 78' lang='lat' dir='ltr'>miciS,</span> <span class='ocrx_word' id='word_1_57' title='bbox 646 636 686 671; x_wconf 89' lang='lat' dir='ltr'>id</span> <span class='ocrx_word' id='word_1_58' title='bbox 706 639 763 672; x_wconf 89' lang='lat' dir='ltr'>est</span> <span class='ocrx_word' id='word_1_59' title='bbox 782 635 827 671; x_wconf 88' lang='lat' dir='ltr'>de</span> <span class='ocrx_word' id='word_1_60' title='bbox 844 646 904 671; x_wconf 88' lang='lat' dir='ltr'>re-</span> 
     </span>
     <span class='ocr_line' id='line_1_11' title="bbox 128 682 905 737; baseline -0.013 -10"><span class='ocrx_word' id='word_1_61' title='bbox 128 689 270 737; x_wconf 91' lang='lat' dir='ltr'>liquiis,</span> <span class='ocrx_word' id='word_1_62' title='bbox 293 698 378 734; x_wconf 87' lang='lat' dir='ltr'>quae</span> <span class='ocrx_word' id='word_1_63' title='bbox 404 686 542 722; x_wconf 90' lang='lat' dir='ltr'>cadunt</span> <span class='ocrx_word' id='word_1_64' title='bbox 567 684 614 719; x_wconf 88' lang='lat' dir='ltr'>de</span> <span class='ocrx_word' id='word_1_65' title='bbox 633 692 765 719; x_wconf 88' lang='lat' dir='ltr'>mensa</span> <span class='ocrx_word' id='word_1_66' title='bbox 785 682 905 718; x_wconf 89' lang='lat' dir='ltr'>domi-</span> 
     </span>
     <span class='ocr_line' id='line_1_12' title="bbox 130 730 903 777; baseline -0.012 -3"><span class='ocrx_word' id='word_1_67' title='bbox 130 746 268 774; x_wconf 90' lang='lat' dir='ltr'>norum</span> <span class='ocrx_word' id='word_1_68' title='bbox 291 744 459 777; x_wconf 90' lang='lat' dir='ltr'>suorum,</span> <span class='ocrx_word' id='word_1_69' title='bbox 493 731 533 768; x_wconf 89' lang='lat' dir='ltr'>id</span> <span class='ocrx_word' id='word_1_70' title='bbox 568 733 624 766; x_wconf 87' lang='lat' dir='ltr'>est</span> <span class='ocrx_word' id='word_1_71' title='bbox 653 730 903 774; x_wconf 83' lang='lat' dir='ltr'>Judaeorum3</span> 
     </span>
     <span class='ocr_line' id='line_1_13' title="bbox 131 777 907 830; baseline -0.012 -9"><span class='ocrx_word' id='word_1_72' title='bbox 131 783 270 830; x_wconf 89' lang='lat' dir='ltr'>quibus</span> <span class='ocrx_word' id='word_1_73' title='bbox 304 792 435 818; x_wconf 89' lang='lat' dir='ltr'>mensa</span> <span class='ocrx_word' id='word_1_74' title='bbox 459 778 660 824; x_wconf 80' lang='lat' dir='ltr'>Scripturae</span> <span class='ocrx_word' id='word_1_75' title='bbox 694 780 731 813; x_wconf 90' lang='lat' dir='ltr'>et</span> <span class='ocrx_word' id='word_1_76' title='bbox 764 777 907 813; x_wconf 86' lang='lat' dir='ltr'>fercula</span> 
     </span>
     <span class='ocr_line' id='line_1_14' title="bbox 132 824 906 870; baseline -0.01 -2"><span class='ocrx_word' id='word_1_77' title='bbox 132 830 403 868; x_wconf 82' lang='lat' dir='ltr'>miraculorum</span> <span class='ocrx_word' id='word_1_78' title='bbox 424 830 461 864; x_wconf 89' lang='lat' dir='ltr'>et</span> <span class='ocrx_word' id='word_1_79' title='bbox 482 825 557 862; x_wconf 87' lang='lat' dir='ltr'>alia</span> <span class='ocrx_word' id='word_1_80' title='bbox 576 835 659 870; x_wconf 83' lang='lat' dir='ltr'>quae</span> <span class='ocrx_word' id='word_1_81' title='bbox 681 825 729 860; x_wconf 87' lang='lat' dir='ltr'>ad</span> <span class='ocrx_word' id='word_1_82' title='bbox 746 824 906 860; x_wconf 91' lang='lat' dir='ltr'>salutem</span> 
     </span>
     <span class='ocr_line' id='line_1_15' title="bbox 130 871 905 922; baseline -0.01 -8"><span class='ocrx_word' id='word_1_83' title='bbox 130 882 301 914; x_wconf 83' lang='lat' dir='ltr'>nostram</span> <span class='ocrx_word' id='word_1_84' title='bbox 321 874 510 922; x_wconf 82' lang='lat' dir='ltr'>pertinent</span> <span class='ocrx_word' id='word_1_85' title='bbox 524 872 647 919; x_wconf 85' lang='lat' dir='ltr'>posita</span> <span class='ocrx_word' id='word_1_86' title='bbox 667 877 767 908; x_wconf 86' lang='lat' dir='ltr'>sunt.</span> <span class='ocrx_word' id='word_1_87' title='bbox 791 871 905 915; x_wconf 89' lang='lat' dir='ltr'>Quasi</span> 
     </span>
     <span class='ocr_line' id='line_1_16' title="bbox 129 918 905 964; baseline -0.009 -3"><span class='ocrx_word' id='word_1_88' title='bbox 129 925 270 961; x_wconf 86' lang='lat' dir='ltr'>diceret</span> <span class='ocrx_word' id='word_1_89' title='bbox 303 936 313 958; x_wconf 75' lang='lat' dir='ltr'><strong><em>z</em></strong></span> <span class='ocrx_word' id='word_1_90' title='bbox 343 923 529 958; x_wconf 83' lang='lat' dir='ltr'>Debemus</span> <span class='ocrx_word' id='word_1_91' title='bbox 564 921 704 956; x_wconf 89' lang='lat' dir='ltr'>habere</span> <span class='ocrx_word' id='word_1_92' title='bbox 739 918 905 964; x_wconf 85' lang='lat' dir='ltr'>aliquam</span> 
     </span>
     <span class='ocr_line' id='line_1_17' title="bbox 128 967 906 1014; baseline -0.009 -6"><span class='ocrx_word' id='word_1_93' title='bbox 128 972 265 1008; x_wconf 89' lang='lat' dir='ltr'>micam</span> <span class='ocrx_word' id='word_1_94' title='bbox 283 973 357 1006; x_wconf 76' lang='lat' dir='ltr'>tuae</span> <span class='ocrx_word' id='word_1_95' title='bbox 377 967 572 1014; x_wconf 79' lang='lat' dir='ltr'>largitatis.</span> <span class='ocrx_word' id='word_1_96' title='bbox 594 967 711 1010; x_wconf 84' lang='lat' dir='ltr'>Unde,</span> <span class='ocrx_word' id='word_1_97' title='bbox 729 970 765 1002; x_wconf 91' lang='lat' dir='ltr'>et</span> <span class='ocrx_word' id='word_1_98' title='bbox 785 967 815 1002; x_wconf 90' lang='lat' dir='ltr'>si</span> <span class='ocrx_word' id='word_1_99' title='bbox 833 977 906 1002; x_wconf 91' lang='lat' dir='ltr'>non</span> 
     </span>
     <span class='ocr_line' id='line_1_18' title="bbox 129 1013 906 1055; baseline -0.008 0"><span class='ocrx_word' id='word_1_100' title='bbox 129 1019 184 1055; x_wconf 88' lang='lat' dir='ltr'>vis</span> <span class='ocrx_word' id='word_1_101' title='bbox 201 1019 321 1054; x_wconf 77' lang='lat' dir='ltr'>facere</span> <span class='ocrx_word' id='word_1_102' title='bbox 338 1015 447 1052; x_wconf 86' lang='lat' dir='ltr'>nobis</span> <span class='ocrx_word' id='word_1_103' title='bbox 461 1014 710 1051; x_wconf 83' lang='lat' dir='ltr'>sicutJudaeis</span> <span class='ocrx_word' id='word_1_104' title='bbox 723 1013 827 1050; x_wconf 89' lang='lat' dir='ltr'>varia</span> <span class='ocrx_word' id='word_1_105' title='bbox 841 1013 906 1049; x_wconf 91' lang='lat' dir='ltr'>mi-</span> 
     </span>
     <span class='ocr_line' id='line_1_19' title="bbox 128 1061 906 1111; baseline -0.009 -8"><span class='ocrx_word' id='word_1_106' title='bbox 128 1066 270 1111; x_wconf 83' lang='lat' dir='ltr'>racula,</span> <span class='ocrx_word' id='word_1_107' title='bbox 309 1064 442 1100; x_wconf 86' lang='lat' dir='ltr'>saltem</span> <span class='ocrx_word' id='word_1_108' title='bbox 481 1072 595 1099; x_wconf 90' lang='lat' dir='ltr'>unum</span> <span class='ocrx_word' id='word_1_109' title='bbox 629 1062 700 1106; x_wconf 85' lang='lat' dir='ltr'>sac,</span> <span class='ocrx_word' id='word_1_110' title='bbox 740 1061 906 1097; x_wconf 87' lang='lat' dir='ltr'>sanando</span> 
     </span>
     <span class='ocr_line' id='line_1_20' title="bbox 128 1108 906 1156; baseline -0.009 -6"><span class='ocrx_word' id='word_1_111' title='bbox 128 1113 247 1150; x_wconf 86' lang='lat' dir='ltr'>filiam</span> <span class='ocrx_word' id='word_1_112' title='bbox 271 1122 406 1148; x_wconf 89' lang='lat' dir='ltr'>meam.</span> <span class='ocrx_word' id='word_1_113' title='bbox 431 1111 508 1145; x_wconf 89' lang='lat' dir='ltr'>Non</span> <span class='ocrx_word' id='word_1_114' title='bbox 532 1113 618 1156; x_wconf 89' lang='lat' dir='ltr'>peto</span> <span class='ocrx_word' id='word_1_115' title='bbox 645 1119 781 1155; x_wconf 90' lang='lat' dir='ltr'>panem</span> <span class='ocrx_word' id='word_1_116' title='bbox 801 1108 906 1144; x_wconf 89' lang='lat' dir='ltr'>inte-</span> 
     </span>
     <span class='ocr_line' id='line_1_21' title="bbox 129 1155 906 1207; baseline -0.009 -10"><span class='ocrx_word' id='word_1_117' title='bbox 129 1171 252 1207; x_wconf 88' lang='lat' dir='ltr'>grum,</span> <span class='ocrx_word' id='word_1_118' title='bbox 270 1169 355 1195; x_wconf 90' lang='lat' dir='ltr'>cum</span> <span class='ocrx_word' id='word_1_119' title='bbox 375 1156 460 1193; x_wconf 83' lang='lat' dir='ltr'>tiliis</span> <span class='ocrx_word' id='word_1_120' title='bbox 478 1158 516 1192; x_wconf 90' lang='lat' dir='ltr'>in</span> <span class='ocrx_word' id='word_1_121' title='bbox 534 1166 665 1192; x_wconf 87' lang='lat' dir='ltr'>mensa</span> <span class='ocrx_word' id='word_1_122' title='bbox 686 1155 821 1202; x_wconf 78' lang='lat' dir='ltr'>patris3</span> <span class='ocrx_word' id='word_1_123' title='bbox 841 1155 906 1191; x_wconf 88' lang='lat' dir='ltr'>sed</span> 
     </span>
     <span class='ocr_line' id='line_1_22' title="bbox 128 1203 902 1250; baseline -0.01 -5"><span class='ocrx_word' id='word_1_124' title='bbox 128 1207 244 1244; x_wconf 87' lang='lat' dir='ltr'>micas</span> <span class='ocrx_word' id='word_1_125' title='bbox 277 1209 314 1242; x_wconf 86' lang='lat' dir='ltr'>et</span> <span class='ocrx_word' id='word_1_126' title='bbox 346 1204 525 1250; x_wconf 78' lang='lat' dir='ltr'>reliquias</span> <span class='ocrx_word' id='word_1_127' title='bbox 555 1204 623 1239; x_wconf 90' lang='lat' dir='ltr'>sub</span> <span class='ocrx_word' id='word_1_128' title='bbox 652 1213 781 1239; x_wconf 87' lang='lat' dir='ltr'>mensa</span> <span class='ocrx_word' id='word_1_129' title='bbox 810 1203 902 1248; x_wconf 86' lang='lat' dir='ltr'>ejus,</span> 
     </span>
     <span class='ocr_line' id='line_1_23' title="bbox 131 1249 903 1295; baseline -0.01 -3"><span class='ocrx_word' id='word_1_130' title='bbox 131 1265 213 1292; x_wconf 88' lang='lat' dir='ltr'>cum</span> <span class='ocrx_word' id='word_1_131' title='bbox 241 1252 388 1290; x_wconf 87' lang='lat' dir='ltr'>catulis.</span> <span class='ocrx_word' id='word_1_132' title='bbox 411 1250 525 1295; x_wconf 87' lang='lat' dir='ltr'>Quasi</span> <span class='ocrx_word' id='word_1_133' title='bbox 547 1250 690 1286; x_wconf 89' lang='lat' dir='ltr'>diceret</span> <span class='ocrx_word' id='word_1_134' title='bbox 717 1261 726 1285; x_wconf 69' lang='grc' dir='ltr'>ε</span> <span class='ocrx_word' id='word_1_135' title='bbox 760 1251 841 1285; x_wconf 89' lang='lat' dir='ltr'>Non</span> <span class='ocrx_word' id='word_1_136' title='bbox 862 1249 903 1285; x_wconf 91' lang='lat' dir='ltr'>in</span> 
     </span>
     <span class='ocr_line' id='line_1_24' title="bbox 131 1296 902 1348; baseline -0.009 -10"><span class='ocrx_word' id='word_1_137' title='bbox 131 1301 316 1348; x_wconf 80' lang='lat' dir='ltr'>dignitate</span> <span class='ocrx_word' id='word_1_138' title='bbox 336 1310 433 1343; x_wconf 86' lang='lat' dir='ltr'>mea,</span> <span class='ocrx_word' id='word_1_139' title='bbox 452 1298 518 1334; x_wconf 90' lang='lat' dir='ltr'>sed</span> <span class='ocrx_word' id='word_1_140' title='bbox 541 1301 686 1334; x_wconf 87' lang='lat' dir='ltr'>tantum</span> <span class='ocrx_word' id='word_1_141' title='bbox 704 1297 742 1332; x_wconf 91' lang='lat' dir='ltr'>in</span> <span class='ocrx_word' id='word_1_142' title='bbox 755 1296 902 1332; x_wconf 90' lang='lat' dir='ltr'>miseri-</span> 
     </span>
     <span class='ocr_line' id='line_1_25' title="bbox 130 1343 903 1396; baseline -0.009 -10"><span class='ocrx_word' id='word_1_143' title='bbox 130 1349 260 1386; x_wconf 86' lang='lat' dir='ltr'>cordia</span> <span class='ocrx_word' id='word_1_144' title='bbox 280 1352 344 1384; x_wconf 86' lang='lat' dir='ltr'>tua</span> <span class='ocrx_word' id='word_1_145' title='bbox 363 1346 573 1389; x_wconf 72' lang='lat' dir='ltr'>confidens,</span> <span class='ocrx_word' id='word_1_146' title='bbox 604 1343 767 1390; x_wconf 78' lang='lat' dir='ltr'>gratiam</span> <span class='ocrx_word' id='word_1_147' title='bbox 800 1349 903 1396; x_wconf 75' lang='lat' dir='ltr'>tuam</span> 
     </span>
     <span class='ocr_line' id='line_1_26' title="bbox 130 1391 902 1443; baseline -0.006 -11"><span class='ocrx_word' id='word_1_148' title='bbox 130 1400 230 1443; x_wconf 90' lang='lat' dir='ltr'>peto.</span> <span class='ocrx_word' id='word_1_149' title='bbox 257 1397 296 1431; x_wconf 92' lang='lat' dir='ltr'>In</span> <span class='ocrx_word' id='word_1_150' title='bbox 318 1404 377 1430; x_wconf 91' lang='lat' dir='ltr'>me</span> <span class='ocrx_word' id='word_1_151' title='bbox 406 1396 574 1428; x_wconf 88' lang='lat' dir='ltr'>servetur</span> <span class='ocrx_word' id='word_1_152' title='bbox 600 1393 671 1427; x_wconf 86' lang='lat' dir='ltr'>ista</span> <span class='ocrx_word' id='word_1_153' title='bbox 698 1391 902 1427; x_wconf 82' lang='lat' dir='ltr'>similitudo</span> 
     </span>
     <span class='ocr_line' id='line_1_27' title="bbox 132 1438 903 1490; baseline -0.009 -10"><span class='ocrx_word' id='word_1_154' title='bbox 132 1444 241 1490; x_wconf 87' lang='lat' dir='ltr'>panis</span> <span class='ocrx_word' id='word_1_155' title='bbox 263 1446 300 1478; x_wconf 88' lang='lat' dir='ltr'>ct</span> <span class='ocrx_word' id='word_1_156' title='bbox 318 1442 443 1483; x_wconf 83' lang='lat' dir='ltr'>canis3</span> <span class='ocrx_word' id='word_1_157' title='bbox 466 1443 503 1475; x_wconf 89' lang='lat' dir='ltr'>et</span> <span class='ocrx_word' id='word_1_158' title='bbox 529 1441 558 1474; x_wconf 90' lang='lat' dir='ltr'>si</span> <span class='ocrx_word' id='word_1_159' title='bbox 579 1438 734 1484; x_wconf 88' lang='lat' dir='ltr'>indigna</span> <span class='ocrx_word' id='word_1_160' title='bbox 755 1449 839 1474; x_wconf 92' lang='lat' dir='ltr'>sum</span> <span class='ocrx_word' id='word_1_161' title='bbox 861 1442 903 1473; x_wconf 90' lang='lat' dir='ltr'>ut</span> 
     </span>
     <span class='ocr_line' id='line_1_28' title="bbox 132 1485 902 1537; baseline -0.008 -11"><span class='ocrx_word' id='word_1_162' title='bbox 132 1500 267 1537; x_wconf 89' lang='lat' dir='ltr'>panem</span> <span class='ocrx_word' id='word_1_163' title='bbox 280 1489 467 1534; x_wconf 87' lang='lat' dir='ltr'>integrum</span> <span class='ocrx_word' id='word_1_164' title='bbox 485 1486 670 1532; x_wconf 57' lang='lat' dir='ltr'>praebeas,</span> <span class='ocrx_word' id='word_1_165' title='bbox 690 1485 745 1521; x_wconf 88' lang='lat' dir='ltr'>vel</span> <span class='ocrx_word' id='word_1_166' title='bbox 766 1485 902 1521; x_wconf 87' lang='lat' dir='ltr'>micam</span> 
     </span>
     <span class='ocr_line' id='line_1_29' title="bbox 130 1532 902 1581; baseline -0.009 -7"><span class='ocrx_word' id='word_1_167' title='bbox 130 1538 267 1581; x_wconf 84' lang='lat' dir='ltr'>tribue,</span> <span class='ocrx_word' id='word_1_168' title='bbox 298 1536 416 1571; x_wconf 87' lang='lat' dir='ltr'>filiam</span> <span class='ocrx_word' id='word_1_169' title='bbox 436 1544 557 1569; x_wconf 88' lang='lat' dir='ltr'>meam</span> <span class='ocrx_word' id='word_1_170' title='bbox 593 1532 776 1576; x_wconf 85' lang='lat' dir='ltr'>sanando,</span> <span class='ocrx_word' id='word_1_171' title='bbox 801 1532 902 1578; x_wconf 89' lang='lat' dir='ltr'>quod</span> 
     </span>
     <span class='ocr_line' id='line_1_30' title="bbox 135 1579 905 1631; baseline -0.009 -10"><span class='ocrx_word' id='word_1_172' title='bbox 135 1584 240 1631; x_wconf 83' lang='lat' dir='ltr'>quasi</span> <span class='ocrx_word' id='word_1_173' title='bbox 261 1582 358 1619; x_wconf 85' lang='lat' dir='ltr'>mica</span> <span class='ocrx_word' id='word_1_174' title='bbox 379 1581 614 1627; x_wconf 84' lang='lat' dir='ltr'>reputabitur</span> <span class='ocrx_word' id='word_1_175' title='bbox 633 1583 807 1626; x_wconf 88' lang='lat' dir='ltr'>respectu</span> <span class='ocrx_word' id='word_1_176' title='bbox 827 1579 905 1615; x_wconf 82' lang='lat' dir='ltr'>mi-</span> 
     </span>
     <span class='ocr_line' id='line_1_31' title="bbox 134 1627 903 1674; baseline -0.009 -6"><span class='ocrx_word' id='word_1_177' title='bbox 134 1631 309 1668; x_wconf 88' lang='lat' dir='ltr'>rabilium</span> <span class='ocrx_word' id='word_1_178' title='bbox 331 1639 413 1674; x_wconf 67' lang='lat' dir='ltr'>quse</span> <span class='ocrx_word' id='word_1_179' title='bbox 439 1627 570 1664; x_wconf 76' lang='lat' dir='ltr'>iecisti.</span> <span class='ocrx_word' id='word_1_180' title='bbox 596 1627 662 1663; x_wconf 88' lang='lat' dir='ltr'>Ubi</span> <span class='ocrx_word' id='word_1_181' title='bbox 684 1629 903 1671; x_wconf 71' lang='lat' dir='ltr'>Chrysosto-</span> 
     </span>
     <span class='ocr_line' id='line_1_32' title="bbox 132 1674 904 1720; baseline -0.008 -5"><span class='ocrx_word' id='word_1_182' title='bbox 132 1689 210 1715; x_wconf 83' lang='lat' dir='ltr'>mus</span> <span class='ocrx_word' id='word_1_183' title='bbox 235 1690 244 1714; x_wconf 72' lang='grc' dir='ltr'><strong><em>ι</em></strong></span> <span class='ocrx_word' id='word_1_184' title='bbox 268 1691 286 1711; x_wconf 95' lang='lat'>«</span> <span class='ocrx_word' id='word_1_185' title='bbox 308 1676 402 1713; x_wconf 87' lang='lat' dir='ltr'>Vide</span> <span class='ocrx_word' id='word_1_186' title='bbox 430 1675 596 1711; x_wconf 83' lang='lat' dir='ltr'>mulieris</span> <span class='ocrx_word' id='word_1_187' title='bbox 632 1674 850 1720; x_wconf 89' lang='lat' dir='ltr'>patientiam</span> <span class='ocrx_word' id='word_1_188' title='bbox 867 1677 904 1710; x_wconf 85' lang='lat' dir='ltr'>et</span> 
     </span>
     <span class='ocr_line' id='line_1_33' title="bbox 132 1721 904 1767; baseline -0.006 -6"><span class='ocrx_word' id='word_1_189' title='bbox 132 1724 396 1767; x_wconf 86' lang='lat' dir='ltr'>humilitatem,</span> <span class='ocrx_word' id='word_1_190' title='bbox 420 1724 515 1759; x_wconf 88' lang='lat' dir='ltr'>Deus</span> <span class='ocrx_word' id='word_1_191' title='bbox 535 1722 635 1758; x_wconf 88' lang='lat' dir='ltr'>enim</span> <span class='ocrx_word' id='word_1_192' title='bbox 655 1724 764 1757; x_wconf 90' lang='lat' dir='ltr'>vocat</span> <span class='ocrx_word' id='word_1_193' title='bbox 777 1721 904 1757; x_wconf 78' lang='lat' dir='ltr'>Judae-</span> 
     </span>
     <span class='ocr_line' id='line_1_34' title="bbox 134 1768 906 1815; baseline -0.008 -5"><span class='ocrx_word' id='word_1_194' title='bbox 134 1783 176 1809; x_wconf 91' lang='lat' dir='ltr'>os</span> <span class='ocrx_word' id='word_1_195' title='bbox 199 1772 311 1815; x_wconf 86' lang='lat' dir='ltr'>tilios,</span> <span class='ocrx_word' id='word_1_196' title='bbox 331 1774 368 1807; x_wconf 88' lang='lat' dir='ltr'>et</span> <span class='ocrx_word' id='word_1_197' title='bbox 388 1770 452 1806; x_wconf 89' lang='lat' dir='ltr'>illa</span> <span class='ocrx_word' id='word_1_198' title='bbox 467 1768 665 1813; x_wconf 84' lang='lat' dir='ltr'>dominos3</span> <span class='ocrx_word' id='word_1_199' title='bbox 689 1779 758 1804; x_wconf 89' lang='lat' dir='ltr'>nec</span> <span class='ocrx_word' id='word_1_200' title='bbox 783 1768 906 1804; x_wconf 81' lang='lat' dir='ltr'>doluit</span> 
     </span>
     <span class='ocr_line' id='line_1_35' title="bbox 131 1815 905 1858; baseline -0.008 -1"><span class='ocrx_word' id='word_1_201' title='bbox 131 1820 177 1857; x_wconf 93' lang='lat' dir='ltr'>de</span> <span class='ocrx_word' id='word_1_202' title='bbox 200 1819 436 1856; x_wconf 90' lang='lat' dir='ltr'>inimicorum</span> <span class='ocrx_word' id='word_1_203' title='bbox 456 1816 645 1858; x_wconf 82' lang='lat' dir='ltr'>laudibus,</span> <span class='ocrx_word' id='word_1_204' title='bbox 673 1826 740 1852; x_wconf 88' lang='lat' dir='ltr'>nec</span> <span class='ocrx_word' id='word_1_205' title='bbox 766 1815 813 1851; x_wconf 90' lang='lat' dir='ltr'>de</span> <span class='ocrx_word' id='word_1_206' title='bbox 837 1826 905 1851; x_wconf 91' lang='lat' dir='ltr'>suo</span> 
     </span>
     <span class='ocr_line' id='line_1_36' title="bbox 131 1862 905 1909; baseline -0.008 -6"><span class='ocrx_word' id='word_1_207' title='bbox 131 1867 330 1903; x_wconf 80' lang='lat' dir='ltr'>molestata</span> <span class='ocrx_word' id='word_1_208' title='bbox 357 1868 413 1900; x_wconf 88' lang='lat' dir='ltr'>est</span> <span class='ocrx_word' id='word_1_209' title='bbox 442 1863 620 1907; x_wconf 90' lang='lat' dir='ltr'>convitio,</span> <span class='ocrx_word' id='word_1_210' title='bbox 645 1862 719 1898; x_wconf 92' lang='lat' dir='ltr'>imo</span> <span class='ocrx_word' id='word_1_211' title='bbox 744 1862 905 1909; x_wconf 89' lang='lat' dir='ltr'>amplius</span> 
     </span>
     <span class='ocr_line' id='line_1_37' title="bbox 132 1910 904 1951; baseline -0.006 0"><span class='ocrx_word' id='word_1_212' title='bbox 132 1925 172 1951; x_wconf 88' lang='lat' dir='ltr'>se</span> <span class='ocrx_word' id='word_1_213' title='bbox 190 1911 412 1950; x_wconf 82' lang='lat' dir='ltr'>humiliavit.</span> <span class='ocrx_word' id='word_1_214' title='bbox 434 1912 526 1947; x_wconf 86' lang='lat' dir='ltr'>Nam</span> <span class='ocrx_word' id='word_1_215' title='bbox 545 1912 642 1946; x_wconf 88' lang='lat' dir='ltr'>Deus</span> <span class='ocrx_word' id='word_1_216' title='bbox 659 1910 823 1946; x_wconf 85' lang='lat' dir='ltr'>Gentiles</span> <span class='ocrx_word' id='word_1_217' title='bbox 841 1921 904 1946; x_wconf 91' lang='lat' dir='ltr'>vo-</span> 
     </span>
     <span class='ocr_line' id='line_1_38' title="bbox 133 1956 905 2003; baseline -0.005 -6"><span class='ocrx_word' id='word_1_218' title='bbox 133 1960 230 1998; x_wconf 83' lang='lat' dir='ltr'>cavit</span> <span class='ocrx_word' id='word_1_219' title='bbox 252 1970 376 2002; x_wconf 87' lang='lat' dir='ltr'>canes,</span> <span class='ocrx_word' id='word_1_220' title='bbox 401 1962 438 1994; x_wconf 90' lang='lat' dir='ltr'>ct</span> <span class='ocrx_word' id='word_1_221' title='bbox 459 1958 530 1994; x_wconf 88' lang='lat' dir='ltr'>ista</span> <span class='ocrx_word' id='word_1_222' title='bbox 557 1957 725 2001; x_wconf 87' lang='lat' dir='ltr'>catellos;</span> <span class='ocrx_word' id='word_1_223' title='bbox 750 1956 812 1992; x_wconf 88' lang='lat' dir='ltr'>ille</span> <span class='ocrx_word' id='word_1_224' title='bbox 831 1967 905 2003; x_wconf 86' lang='lat' dir='ltr'>pa-</span> 
     </span>
     <span class='ocr_line' id='line_1_39' title="bbox 133 2004 905 2052; baseline -0.006 -7"><span class='ocrx_word' id='word_1_225' title='bbox 133 2019 234 2052; x_wconf 88' lang='lat' dir='ltr'>nem,</span> <span class='ocrx_word' id='word_1_226' title='bbox 257 2008 338 2043; x_wconf 85' lang='lat' dir='ltr'>haec</span> <span class='ocrx_word' id='word_1_227' title='bbox 357 2016 525 2042; x_wconf 83' lang='lat' dir='ltr'>mensam</span> <span class='ocrx_word' id='word_1_228' title='bbox 556 2005 660 2040; x_wconf 81' lang='lat' dir='ltr'>dixit.</span> <span class='ocrx_word' id='word_1_229' title='bbox 686 2018 703 2038; x_wconf 72' lang='lat' dir='ltr'>i)</span> <span class='ocrx_word' id='word_1_230' title='bbox 733 2004 839 2040; x_wconf 88' lang='lat' dir='ltr'>Unde</span> <span class='ocrx_word' id='word_1_231' title='bbox 868 2007 905 2040; x_wconf 91' lang='lat' dir='ltr'>et</span> 
     </span>
     <span class='ocr_line' id='line_1_40' title="bbox 132 2052 905 2099; baseline -0.006 -7"><span class='ocrx_word' id='word_1_232' title='bbox 132 2058 373 2099; x_wconf 76' lang='lat' dir='ltr'>Hieronymus</span> <span class='ocrx_word' id='word_1_233' title='bbox 408 2066 418 2089; x_wconf 89' lang='lat'><strong>:</strong></span> <span class='ocrx_word' id='word_1_234' title='bbox 457 2067 471 2086; x_wconf 90' lang='lat'>«</span> <span class='ocrx_word' id='word_1_235' title='bbox 512 2052 604 2088; x_wconf 90' lang='lat' dir='ltr'>Mira</span> <span class='ocrx_word' id='word_1_236' title='bbox 638 2052 704 2087; x_wconf 86' lang='lat' dir='ltr'>sub</span> <span class='ocrx_word' id='word_1_237' title='bbox 741 2061 905 2097; x_wconf 89' lang='lat' dir='ltr'>persona</span> 
     </span>
     <span class='ocr_line' id='line_1_41' title="bbox 134 2098 902 2143; baseline -0.007 -5"><span class='ocrx_word' id='word_1_238' title='bbox 134 2102 304 2138; x_wconf 79' lang='lat' dir='ltr'>mulieris</span> <span class='ocrx_word' id='word_1_239' title='bbox 326 2099 584 2137; x_wconf 84' lang='lat' dir='ltr'>Chananitidis</span> <span class='ocrx_word' id='word_1_240' title='bbox 599 2098 771 2135; x_wconf 60' lang='lat' dir='ltr'>Ecclesiae</span> <span class='ocrx_word' id='word_1_241' title='bbox 793 2099 902 2143; x_wconf 83' lang='lat' dir='ltr'>fides,</span> 
     </span>
     <span class='ocr_line' id='line_1_42' title="bbox 133 2147 902 2196; baseline -0.007 -10"><span class='ocrx_word' id='word_1_242' title='bbox 133 2149 327 2196; x_wconf 83' lang='lat' dir='ltr'>patientia,</span> <span class='ocrx_word' id='word_1_243' title='bbox 350 2147 565 2184; x_wconf 81' lang='lat' dir='ltr'>humilitas!</span> <span class='ocrx_word' id='word_1_244' title='bbox 587 2147 706 2188; x_wconf 84' lang='lat' dir='ltr'>Fides,</span> <span class='ocrx_word' id='word_1_245' title='bbox 729 2156 803 2192; x_wconf 89' lang='lat' dir='ltr'>qua</span> <span class='ocrx_word' id='word_1_246' title='bbox 826 2157 902 2182; x_wconf 88' lang='lat' dir='ltr'>cre-</span> 
     </span>
     <span class='ocr_line' id='line_1_43' title="bbox 135 2193 903 2241; baseline -0.007 -8"><span class='ocrx_word' id='word_1_247' title='bbox 135 2197 188 2233; x_wconf 87' lang='lat' dir='ltr'>dit</span> <span class='ocrx_word' id='word_1_248' title='bbox 204 2195 330 2233; x_wconf 88' lang='lat' dir='ltr'>sanari</span> <span class='ocrx_word' id='word_1_249' title='bbox 350 2205 460 2241; x_wconf 88' lang='lat' dir='ltr'>posse</span> <span class='ocrx_word' id='word_1_250' title='bbox 490 2194 602 2230; x_wconf 71' lang='lat' dir='ltr'>filiam</span> <span class='ocrx_word' id='word_1_251' title='bbox 623 2204 728 2230; x_wconf 84' lang='lat' dir='ltr'>suam</span> <span class='ocrx_word' id='word_1_252' title='bbox 744 2193 903 2239; x_wconf 78' lang='lat' dir='ltr'>3patien-</span> 
     </span>
     <span class='ocr_line' id='line_1_44' title="bbox 133 2240 903 2289; baseline -0.005 -9"><span class='ocrx_word' id='word_1_253' title='bbox 133 2243 200 2288; x_wconf 88' lang='lat' dir='ltr'>tia,</span> <span class='ocrx_word' id='word_1_254' title='bbox 234 2254 307 2289; x_wconf 87' lang='lat' dir='ltr'>qua</span> <span class='ocrx_word' id='word_1_255' title='bbox 340 2242 450 2278; x_wconf 90' lang='lat' dir='ltr'>toties</span> <span class='ocrx_word' id='word_1_256' title='bbox 479 2245 695 2288; x_wconf 89' lang='lat' dir='ltr'>contempta</span> <span class='ocrx_word' id='word_1_257' title='bbox 730 2240 903 2288; x_wconf 87' lang='lat' dir='ltr'>precibus</span> 
     </span>
     <span class='ocr_line' id='line_1_45' title="bbox 134 2288 903 2337; baseline -0.005 -10"><span class='ocrx_word' id='word_1_258' title='bbox 134 2292 374 2337; x_wconf 80' lang='lat' dir='ltr'>perseverat3</span> <span class='ocrx_word' id='word_1_259' title='bbox 406 2288 611 2332; x_wconf 81' lang='lat' dir='ltr'>humilitas,</span> <span class='ocrx_word' id='word_1_260' title='bbox 645 2298 719 2335; x_wconf 85' lang='lat' dir='ltr'>qua</span> <span class='ocrx_word' id='word_1_261' title='bbox 752 2298 791 2324; x_wconf 90' lang='lat' dir='ltr'>se</span> <span class='ocrx_word' id='word_1_262' title='bbox 828 2298 903 2323; x_wconf 89' lang='lat' dir='ltr'>non</span> 
     </span>
     <span class='ocr_line' id='line_1_46' title="bbox 134 2334 902 2381; baseline -0.005 -7"><span class='ocrx_word' id='word_1_263' title='bbox 134 2337 302 2377; x_wconf 83' lang='lat' dir='ltr'>canibus,</span> <span class='ocrx_word' id='word_1_264' title='bbox 323 2336 389 2372; x_wconf 91' lang='lat' dir='ltr'>sed</span> <span class='ocrx_word' id='word_1_265' title='bbox 425 2335 557 2371; x_wconf 88' lang='lat' dir='ltr'>catulis</span> <span class='ocrx_word' id='word_1_266' title='bbox 588 2338 794 2381; x_wconf 86' lang='lat' dir='ltr'>comparat.</span> <span class='ocrx_word' id='word_1_267' title='bbox 820 2334 902 2371; x_wconf 87' lang='lat' dir='ltr'>Scio</span> 
     </span>
     <span class='ocr_line' id='line_1_47' title="bbox 131 2382 902 2429; baseline -0.005 -8"><span class='ocrx_word' id='word_1_268' title='bbox 131 2395 204 2426; x_wconf 75' lang='lat' dir='ltr'>me,</span> <span class='ocrx_word' id='word_1_269' title='bbox 226 2382 362 2429; x_wconf 89' lang='lat' dir='ltr'>inquit,</span> <span class='ocrx_word' id='word_1_270' title='bbox 377 2382 543 2418; x_wconf 84' lang='lat' dir='ltr'>filiorum</span> <span class='ocrx_word' id='word_1_271' title='bbox 565 2393 700 2428; x_wconf 88' lang='lat' dir='ltr'>panem</span> <span class='ocrx_word' id='word_1_272' title='bbox 720 2393 797 2418; x_wconf 90' lang='lat' dir='ltr'>non</span> <span class='ocrx_word' id='word_1_273' title='bbox 816 2392 902 2418; x_wconf 89' lang='lat' dir='ltr'>ine-</span> 
     </span>
     <span class='ocr_line' id='line_1_48' title="bbox 130 2429 901 2476; baseline -0.005 -8"><span class='ocrx_word' id='word_1_274' title='bbox 130 2431 219 2476; x_wconf 84' lang='lat' dir='ltr'>reri,</span> <span class='ocrx_word' id='word_1_275' title='bbox 257 2441 326 2466; x_wconf 91' lang='lat' dir='ltr'>nec</span> <span class='ocrx_word' id='word_1_276' title='bbox 358 2429 487 2465; x_wconf 89' lang='lat' dir='ltr'>sedere</span> <span class='ocrx_word' id='word_1_277' title='bbox 525 2429 572 2465; x_wconf 83' lang='lat' dir='ltr'>ad</span> <span class='ocrx_word' id='word_1_278' title='bbox 605 2439 775 2465; x_wconf 88' lang='lat' dir='ltr'>mensam</span> <span class='ocrx_word' id='word_1_279' title='bbox 816 2439 901 2465; x_wconf 88' lang='lat' dir='ltr'>cum</span> 
     </span>
     <span class='ocr_line' id='line_1_49' title="bbox 128 2475 902 2526; baseline -0.005 -11"><span class='ocrx_word' id='word_1_280' title='bbox 128 2481 255 2526; x_wconf 82' lang='lat' dir='ltr'>patre3</span> <span class='ocrx_word' id='word_1_281' title='bbox 277 2477 343 2513; x_wconf 89' lang='lat' dir='ltr'>sed</span> <span class='ocrx_word' id='word_1_282' title='bbox 364 2478 539 2512; x_wconf 86' lang='lat' dir='ltr'>contenta</span> <span class='ocrx_word' id='word_1_283' title='bbox 555 2487 638 2512; x_wconf 88' lang='lat' dir='ltr'>sum</span> <span class='ocrx_word' id='word_1_284' title='bbox 654 2475 822 2522; x_wconf 87' lang='lat' dir='ltr'>reliquiis</span> <span class='ocrx_word' id='word_1_285' title='bbox 844 2486 902 2511; x_wconf 88' lang='lat' dir='ltr'>ca-</span> 
     </span>
     <span class='ocr_line' id='line_1_50' title="bbox 127 2523 901 2569; baseline -0.005 -7"><span class='ocrx_word' id='word_1_286' title='bbox 127 2527 307 2567; x_wconf 86' lang='lat' dir='ltr'>tulorum,</span> <span class='ocrx_word' id='word_1_287' title='bbox 322 2526 363 2560; x_wconf 88' lang='lat' dir='ltr'>ut</span> <span class='ocrx_word' id='word_1_288' title='bbox 375 2533 441 2569; x_wconf 88' lang='lat' dir='ltr'>per</span> <span class='ocrx_word' id='word_1_289' title='bbox 456 2523 704 2559; x_wconf 82' lang='lat' dir='ltr'>humilitatem</span> <span class='ocrx_word' id='word_1_290' title='bbox 721 2523 901 2559; x_wconf 89' lang='lat' dir='ltr'>micarum</span> 
     </span>
     <span class='ocr_line' id='line_1_51' title="bbox 132 2570 900 2619; baseline -0.007 -9"><span class='ocrx_word' id='word_1_291' title='bbox 132 2574 179 2610; x_wconf 89' lang='lat' dir='ltr'>ad</span> <span class='ocrx_word' id='word_1_292' title='bbox 199 2572 305 2619; x_wconf 86' lang='lat' dir='ltr'>panis</span> <span class='ocrx_word' id='word_1_293' title='bbox 325 2570 461 2616; x_wconf 83' lang='lat' dir='ltr'>integri</span> <span class='ocrx_word' id='word_1_294' title='bbox 492 2570 641 2606; x_wconf 88' lang='lat' dir='ltr'>veniam</span> <span class='ocrx_word' id='word_1_295' title='bbox 673 2570 900 2616; x_wconf 82' lang='lat' dir='ltr'>magnitudi-</span> 
     </span>
     <span class='ocr_line' id='line_1_52' title="bbox 131 2619 684 2661; baseline -0.007 -4"><span class='ocrx_word' id='word_1_296' title='bbox 131 2631 219 2657; x_wconf 86' lang='lat' dir='ltr'>nem</span> <span class='ocrx_word' id='word_1_297' title='bbox 244 2631 252 2655; x_wconf 91' lang='lat'>:</span> <span class='ocrx_word' id='word_1_298' title='bbox 275 2633 293 2652; x_wconf 87' lang='lat'>»</span> <span class='ocrx_word' id='word_1_299' title='bbox 326 2619 407 2654; x_wconf 80' lang='lat' dir='ltr'>hoec</span> <span class='ocrx_word' id='word_1_300' title='bbox 432 2619 684 2661; x_wconf 50' lang='lat' dir='ltr'>Hieronymus</span> 
     </span>
    </p>

    <p class='ocr_par' dir='ltr' id='par_1_3' title="bbox 132 2665 903 2855">
     <span class='ocr_line' id='line_1_53' title="bbox 178 2665 902 2703; baseline -0.006 0"><span class='ocrx_word' id='word_1_301' title='bbox 178 2671 197 2703; x_wconf 86' lang='lat'>5</span> <span class='ocrx_word' id='word_1_302' title='bbox 220 2668 364 2702; x_wconf 77' lang='lat' dir='ltr'>PETirio</span> <span class='ocrx_word' id='word_1_303' title='bbox 376 2675 523 2700; x_wconf 75' lang='lat' dir='ltr'>TRiPLex</span> <span class='ocrx_word' id='word_1_304' title='bbox 543 2665 752 2701; x_wconf 65' lang='lat' dir='ltr'>CHANANAEJE</span> <span class='ocrx_word' id='word_1_305' title='bbox 768 2675 902 2700; x_wconf 70' lang='lat' dir='ltr'>Tium-</span> 
     </span>
     <span class='ocr_line' id='line_1_54' title="bbox 132 2713 903 2751; baseline -0.005 0"><span class='ocrx_word' id='word_1_306' title='bbox 132 2727 163 2751; x_wconf 75' lang='grc' dir='ltr'>οι</span> <span class='ocrx_word' id='word_1_307' title='bbox 183 2726 319 2751; x_wconf 69' lang='lat' dir='ltr'>GRATLE</span> <span class='ocrx_word' id='word_1_308' title='bbox 344 2724 509 2749; x_wconf 73' lang='lat' dir='ltr'>errsscrui</span> <span class='ocrx_word' id='word_1_309' title='bbox 529 2723 768 2748; x_wconf 62' lang='lat' dir='ltr'>nespounssus.</span> <span class='ocrx_word' id='word_1_310' title='bbox 791 2732 836 2737; x_wconf 93' lang='lat'>—</span> <span class='ocrx_word' id='word_1_311' title='bbox 859 2713 903 2747; x_wconf 89' lang='lat' dir='ltr'>Et</span> 
     </span>
     <span class='ocr_line' id='line_1_55' title="bbox 132 2758 902 2807; baseline -0.006 -8"><span class='ocrx_word' id='word_1_312' title='bbox 132 2766 223 2799; x_wconf 88' lang='lat' dir='ltr'>nota</span> <span class='ocrx_word' id='word_1_313' title='bbox 253 2760 314 2797; x_wconf 89' lang='lat' dir='ltr'>hic</span> <span class='ocrx_word' id='word_1_314' title='bbox 341 2759 527 2807; x_wconf 81' lang='lat' dir='ltr'>triplicem</span> <span class='ocrx_word' id='word_1_315' title='bbox 557 2758 724 2795; x_wconf 86' lang='lat' dir='ltr'>mulieris</span> <span class='ocrx_word' id='word_1_316' title='bbox 754 2758 902 2805; x_wconf 86' lang='lat' dir='ltr'>petitio-</span> 
     </span>
     <span class='ocr_line' id='line_1_56' title="bbox 136 2805 901 2855; baseline -0.005 -9"><span class='ocrx_word' id='word_1_317' title='bbox 136 2819 236 2846; x_wconf 88' lang='lat' dir='ltr'>nem.</span> <span class='ocrx_word' id='word_1_318' title='bbox 252 2809 294 2845; x_wconf 91' lang='lat' dir='ltr'>ln</span> <span class='ocrx_word' id='word_1_319' title='bbox 308 2808 444 2855; x_wconf 86' lang='lat' dir='ltr'>prima,</span> <span class='ocrx_word' id='word_1_320' title='bbox 461 2805 555 2854; x_wconf 87' lang='lat' dir='ltr'>petit</span> <span class='ocrx_word' id='word_1_321' title='bbox 569 2805 734 2852; x_wconf 88' lang='lat' dir='ltr'>liberari,</span> <span class='ocrx_word' id='word_1_322' title='bbox 749 2806 878 2842; x_wconf 88' lang='lat' dir='ltr'>dicens</span> <span class='ocrx_word' id='word_1_323' title='bbox 892 2816 901 2842; x_wconf 89' lang='lat'>:</span> 
     </span>
    </p>
   </div>
   <div class='ocr_carea' id='block_1_3' title="bbox 974 252 1761 2854">
    <p class='ocr_par' dir='ltr' id='par_1_4' title="bbox 978 252 1761 1284">
     <span class='ocr_line' id='line_1_57' title="bbox 979 252 1757 299; baseline -0.004 -7"><span class='ocrx_word' id='word_1_324' title='bbox 979 257 1147 293; x_wconf 77' lang='lat' dir='ltr'>Miserere</span> <span class='ocrx_word' id='word_1_325' title='bbox 1171 255 1255 298; x_wconf 83' lang='lat' dir='ltr'>mei,</span> <span class='ocrx_word' id='word_1_326' title='bbox 1281 254 1443 298; x_wconf 81' lang='lat' dir='ltr'>Domine,</span> <span class='ocrx_word' id='word_1_327' title='bbox 1469 252 1525 299; x_wconf 78' lang='lat' dir='ltr'>fili</span> <span class='ocrx_word' id='word_1_328' title='bbox 1547 252 1690 298; x_wconf 73' lang='lat' dir='ltr'>David5</span> <span class='ocrx_word' id='word_1_329' title='bbox 1718 252 1757 290; x_wconf 90' lang='lat' dir='ltr'>in</span> 
     </span>
     <span class='ocr_line' id='line_1_58' title="bbox 979 299 1759 348; baseline -0.005 -8"><span class='ocrx_word' id='word_1_330' title='bbox 979 303 1156 346; x_wconf 90' lang='lat' dir='ltr'>secunda,</span> <span class='ocrx_word' id='word_1_331' title='bbox 1183 301 1276 348; x_wconf 88' lang='lat' dir='ltr'>petit</span> <span class='ocrx_word' id='word_1_332' title='bbox 1294 300 1481 348; x_wconf 69' lang='lat' dir='ltr'>adjuvari,</span> <span class='ocrx_word' id='word_1_333' title='bbox 1503 299 1632 336; x_wconf 90' lang='lat' dir='ltr'>dicens</span> <span class='ocrx_word' id='word_1_334' title='bbox 1652 313 1662 336; x_wconf 76' lang='grc' dir='ltr'><strong><em>ε</em></strong></span> <span class='ocrx_word' id='word_1_335' title='bbox 1689 302 1759 336; x_wconf 91' lang='lat' dir='ltr'>Do-</span> 
     </span>
     <span class='ocr_line' id='line_1_59' title="bbox 978 346 1757 395; baseline -0.005 -9"><span class='ocrx_word' id='word_1_336' title='bbox 978 353 1087 395; x_wconf 79' lang='lat' dir='ltr'>mine,</span> <span class='ocrx_word' id='word_1_337' title='bbox 1111 349 1249 394; x_wconf 75' lang='lat' dir='ltr'>adjuva</span> <span class='ocrx_word' id='word_1_338' title='bbox 1268 360 1348 393; x_wconf 79' lang='lat' dir='ltr'>me,·</span> <span class='ocrx_word' id='word_1_339' title='bbox 1366 349 1404 384; x_wconf 93' lang='lat' dir='ltr'>in</span> <span class='ocrx_word' id='word_1_340' title='bbox 1425 347 1550 391; x_wconf 84' lang='lat' dir='ltr'>tertia,</span> <span class='ocrx_word' id='word_1_341' title='bbox 1575 346 1669 394; x_wconf 85' lang='lat' dir='ltr'>petit</span> <span class='ocrx_word' id='word_1_342' title='bbox 1690 357 1757 383; x_wconf 88' lang='lat' dir='ltr'>sa-</span> 
     </span>
     <span class='ocr_line' id='line_1_60' title="bbox 979 395 1753 442; baseline -0.003 -9"><span class='ocrx_word' id='word_1_343' title='bbox 979 397 1079 442; x_wconf 88' lang='lat' dir='ltr'>tiari,</span> <span class='ocrx_word' id='word_1_344' title='bbox 1099 397 1227 433; x_wconf 88' lang='lat' dir='ltr'>dicens</span> <span class='ocrx_word' id='word_1_345' title='bbox 1251 407 1259 432; x_wconf 75' lang='grc' dir='ltr'>ε</span> <span class='ocrx_word' id='word_1_346' title='bbox 1281 398 1375 435; x_wconf 77' lang='lat' dir='ltr'>Nam</span> <span class='ocrx_word' id='word_1_347' title='bbox 1396 399 1430 431; x_wconf 75' lang='lat' dir='ltr'>et</span> <span class='ocrx_word' id='word_1_348' title='bbox 1463 396 1586 432; x_wconf 71' lang='lat' dir='ltr'>catelli</span> <span class='ocrx_word' id='word_1_349' title='bbox 1624 395 1753 440; x_wconf 78' lang='lat' dir='ltr'>edunt,</span> 
     </span>
     <span class='ocr_line' id='line_1_61' title="bbox 980 441 1753 491; baseline -0.004 -10"><span class='ocrx_word' id='word_1_350' title='bbox 980 450 1049 481; x_wconf 87' lang='lat' dir='ltr'>etc.</span> <span class='ocrx_word' id='word_1_351' title='bbox 1072 447 1112 481; x_wconf 93' lang='lat' dir='ltr'>In</span> <span class='ocrx_word' id='word_1_352' title='bbox 1129 444 1250 491; x_wconf 90' lang='lat' dir='ltr'>prima</span> <span class='ocrx_word' id='word_1_353' title='bbox 1270 444 1473 480; x_wconf 82' lang='lat' dir='ltr'>confitetur</span> <span class='ocrx_word' id='word_1_354' title='bbox 1494 454 1532 479; x_wconf 90' lang='lat' dir='ltr'>se</span> <span class='ocrx_word' id='word_1_355' title='bbox 1559 441 1753 487; x_wconf 87' lang='lat' dir='ltr'>miseram,</span> 
     </span>
     <span class='ocr_line' id='line_1_62' title="bbox 980 488 1758 536; baseline -0.004 -8"><span class='ocrx_word' id='word_1_356' title='bbox 980 492 1065 528; x_wconf 90' lang='lat' dir='ltr'>ideo</span> <span class='ocrx_word' id='word_1_357' title='bbox 1087 491 1139 528; x_wconf 88' lang='lat' dir='ltr'>ait</span> <span class='ocrx_word' id='word_1_358' title='bbox 1160 502 1168 527; x_wconf 71' lang='grc' dir='ltr'>ε</span> <span class='ocrx_word' id='word_1_359' title='bbox 1192 492 1379 536; x_wconf 73' lang='lat' dir='ltr'>Miserere23</span> <span class='ocrx_word' id='word_1_360' title='bbox 1404 490 1442 526; x_wconf 90' lang='lat' dir='ltr'>in</span> <span class='ocrx_word' id='word_1_361' title='bbox 1460 490 1627 527; x_wconf 86' lang='lat' dir='ltr'>secunda</span> <span class='ocrx_word' id='word_1_362' title='bbox 1644 488 1758 526; x_wconf 83' lang='lat' dir='ltr'>infir-</span> 
     </span>
     <span class='ocr_line' id='line_1_63' title="bbox 980 534 1760 585; baseline -0.004 -10"><span class='ocrx_word' id='word_1_363' title='bbox 980 549 1095 585; x_wconf 87' lang='lat' dir='ltr'>mam,</span> <span class='ocrx_word' id='word_1_364' title='bbox 1130 538 1214 575; x_wconf 91' lang='lat' dir='ltr'>ideo</span> <span class='ocrx_word' id='word_1_365' title='bbox 1250 537 1354 574; x_wconf 90' lang='lat' dir='ltr'>addit</span> <span class='ocrx_word' id='word_1_366' title='bbox 1381 548 1390 574; x_wconf 71' lang='grc' dir='ltr'><em>τ</em></span> <span class='ocrx_word' id='word_1_367' title='bbox 1419 538 1572 584; x_wconf 79' lang='lat' dir='ltr'>Adjuva</span> <span class='ocrx_word' id='word_1_368' title='bbox 1608 547 1681 581; x_wconf 84' lang='lat' dir='ltr'>me;</span> <span class='ocrx_word' id='word_1_369' title='bbox 1720 534 1760 573; x_wconf 90' lang='lat' dir='ltr'>in</span> 
     </span>
     <span class='ocr_line' id='line_1_64' title="bbox 981 583 1757 632; baseline -0.004 -10"><span class='ocrx_word' id='word_1_370' title='bbox 981 588 1092 622; x_wconf 89' lang='lat' dir='ltr'>tertia</span> <span class='ocrx_word' id='word_1_371' title='bbox 1123 585 1348 629; x_wconf 87' lang='lat' dir='ltr'>mendicam,</span> <span class='ocrx_word' id='word_1_372' title='bbox 1386 584 1471 621; x_wconf 90' lang='lat' dir='ltr'>ideo</span> <span class='ocrx_word' id='word_1_373' title='bbox 1511 583 1757 632; x_wconf 84' lang='lat' dir='ltr'>superaddit.-</span> 
     </span>
     <span class='ocr_line' id='line_1_65' title="bbox 981 631 1758 678; baseline -0.004 -8"><span class='ocrx_word' id='word_1_374' title='bbox 981 635 1075 671; x_wconf 80' lang='lat' dir='ltr'>Nam</span> <span class='ocrx_word' id='word_1_375' title='bbox 1096 637 1128 669; x_wconf 76' lang='lat' dir='ltr'>ec</span> <span class='ocrx_word' id='word_1_376' title='bbox 1149 634 1283 678; x_wconf 74' lang='lat' dir='ltr'>catelli,</span> <span class='ocrx_word' id='word_1_377' title='bbox 1299 636 1371 668; x_wconf 90' lang='lat' dir='ltr'>etc.</span> <span class='ocrx_word' id='word_1_378' title='bbox 1390 631 1502 676; x_wconf 88' lang='lat' dir='ltr'>Quasi</span> <span class='ocrx_word' id='word_1_379' title='bbox 1521 633 1664 669; x_wconf 89' lang='lat' dir='ltr'>diceret</span> <span class='ocrx_word' id='word_1_380' title='bbox 1679 642 1687 666; x_wconf 88' lang='lat'>:</span> <span class='ocrx_word' id='word_1_381' title='bbox 1701 632 1758 677; x_wconf 83' lang='lat' dir='ltr'>Et,</span> 
     </span>
     <span class='ocr_line' id='line_1_66' title="bbox 982 677 1759 725; baseline -0.004 -8"><span class='ocrx_word' id='word_1_382' title='bbox 982 680 1012 717; x_wconf 89' lang='lat' dir='ltr'>si</span> <span class='ocrx_word' id='word_1_383' title='bbox 1033 691 1055 718; x_wconf 91' lang='lat' dir='ltr'>a</span> <span class='ocrx_word' id='word_1_384' title='bbox 1073 691 1216 725; x_wconf 69' lang='lat' dir='ltr'>mensa,</span> <span class='ocrx_word' id='word_1_385' title='bbox 1235 683 1451 716; x_wconf 90' lang='lat' dir='ltr'>nontamen</span> <span class='ocrx_word' id='word_1_386' title='bbox 1470 690 1492 716; x_wconf 90' lang='lat' dir='ltr'>a</span> <span class='ocrx_word' id='word_1_387' title='bbox 1513 679 1619 717; x_wconf 82' lang='lat' dir='ltr'>mici:</span> <span class='ocrx_word' id='word_1_388' title='bbox 1634 677 1759 716; x_wconf 86' lang='lat' dir='ltr'>exclu-</span> 
     </span>
     <span class='ocr_line' id='line_1_67' title="bbox 981 725 1757 773; baseline -0.004 -9"><span class='ocrx_word' id='word_1_389' title='bbox 981 727 1061 764; x_wconf 86' lang='lat' dir='ltr'>das.</span> <span class='ocrx_word' id='word_1_390' title='bbox 1085 727 1151 764; x_wconf 88' lang='lat' dir='ltr'>Hic</span> <span class='ocrx_word' id='word_1_391' title='bbox 1177 728 1279 763; x_wconf 91' lang='lat' dir='ltr'>enim</span> <span class='ocrx_word' id='word_1_392' title='bbox 1316 730 1372 763; x_wconf 90' lang='lat' dir='ltr'>est</span> <span class='ocrx_word' id='word_1_393' title='bbox 1404 727 1495 763; x_wconf 82' lang='lat' dir='ltr'>ordo</span> <span class='ocrx_word' id='word_1_394' title='bbox 1519 739 1526 764; x_wconf 88' lang='lat'>:</span> <span class='ocrx_word' id='word_1_395' title='bbox 1567 726 1689 773; x_wconf 90' lang='lat' dir='ltr'>primo</span> <span class='ocrx_word' id='word_1_396' title='bbox 1714 725 1757 762; x_wconf 84' lang='lat' dir='ltr'>fit</span> 
     </span>
     <span class='ocr_line' id='line_1_68' title="bbox 981 772 1756 821; baseline -0.004 -10"><span class='ocrx_word' id='word_1_397' title='bbox 981 776 1094 811; x_wconf 90' lang='lat' dir='ltr'>homo</span> <span class='ocrx_word' id='word_1_398' title='bbox 1114 774 1230 811; x_wconf 89' lang='lat' dir='ltr'>miser</span> <span class='ocrx_word' id='word_1_399' title='bbox 1260 785 1328 821; x_wconf 89' lang='lat' dir='ltr'>per</span> <span class='ocrx_word' id='word_1_400' title='bbox 1359 779 1568 820; x_wconf 85' lang='lat' dir='ltr'>peccatum,</span> <span class='ocrx_word' id='word_1_401' title='bbox 1591 772 1756 809; x_wconf 85' lang='lat' dir='ltr'>secundo</span> 
     </span>
     <span class='ocr_line' id='line_1_69' title="bbox 981 818 1758 870; baseline -0.004 -11"><span class='ocrx_word' id='word_1_402' title='bbox 981 822 1167 870; x_wconf 87' lang='lat' dir='ltr'>impotens</span> <span class='ocrx_word' id='word_1_403' title='bbox 1193 821 1240 858; x_wconf 92' lang='lat' dir='ltr'>ad</span> <span class='ocrx_word' id='word_1_404' title='bbox 1261 821 1549 867; x_wconf 86' lang='lat' dir='ltr'>resurgendum,</span> <span class='ocrx_word' id='word_1_405' title='bbox 1572 823 1610 857; x_wconf 87' lang='lat' dir='ltr'>et</span> <span class='ocrx_word' id='word_1_406' title='bbox 1646 818 1758 856; x_wconf 92' lang='lat' dir='ltr'>tertio</span> 
     </span>
     <span class='ocr_line' id='line_1_70' title="bbox 982 866 1760 906; baseline -0.005 0"><span class='ocrx_word' id='word_1_407' title='bbox 982 870 1174 906; x_wconf 90' lang='lat' dir='ltr'>mendicus</span> <span class='ocrx_word' id='word_1_408' title='bbox 1191 869 1239 905; x_wconf 88' lang='lat' dir='ltr'>ad</span> <span class='ocrx_word' id='word_1_409' title='bbox 1271 868 1526 906; x_wconf 89' lang='lat' dir='ltr'>relevandum.</span> <span class='ocrx_word' id='word_1_410' title='bbox 1550 870 1590 904; x_wconf 91' lang='lat' dir='ltr'>In</span> <span class='ocrx_word' id='word_1_411' title='bbox 1609 866 1682 903; x_wconf 88' lang='lat' dir='ltr'>illis</span> <span class='ocrx_word' id='word_1_412' title='bbox 1701 877 1760 902; x_wconf 90' lang='lat' dir='ltr'>er-</span> 
     </span>
     <span class='ocr_line' id='line_1_71' title="bbox 981 914 1761 964; baseline -0.004 -11"><span class='ocrx_word' id='word_1_413' title='bbox 981 928 1028 963; x_wconf 89' lang='lat' dir='ltr'>go</span> <span class='ocrx_word' id='word_1_414' title='bbox 1048 916 1292 964; x_wconf 84' lang='lat' dir='ltr'>petitionibus</span> <span class='ocrx_word' id='word_1_415' title='bbox 1303 915 1538 961; x_wconf 78' lang='lat' dir='ltr'>significatur</span> <span class='ocrx_word' id='word_1_416' title='bbox 1559 915 1650 951; x_wconf 87' lang='lat' dir='ltr'>ordo</span> <span class='ocrx_word' id='word_1_417' title='bbox 1672 914 1761 950; x_wconf 82' lang='lat' dir='ltr'>effe-</span> 
     </span>
     <span class='ocr_line' id='line_1_72' title="bbox 981 961 1757 1011; baseline -0.004 -11"><span class='ocrx_word' id='word_1_418' title='bbox 981 968 1107 1000; x_wconf 88' lang='lat' dir='ltr'>ctuum</span> <span class='ocrx_word' id='word_1_419' title='bbox 1128 965 1271 1011; x_wconf 59' lang='lat' dir='ltr'>gratiae.</span> <span class='ocrx_word' id='word_1_420' title='bbox 1290 965 1328 999; x_wconf 95' lang='lat' dir='ltr'>In</span> <span class='ocrx_word' id='word_1_421' title='bbox 1344 962 1466 1009; x_wconf 90' lang='lat' dir='ltr'>prima</span> <span class='ocrx_word' id='word_1_422' title='bbox 1489 965 1577 1008; x_wconf 80' lang='lat' dir='ltr'>petit</span> <span class='ocrx_word' id='word_1_423' title='bbox 1594 961 1757 1009; x_wconf 87' lang='lat' dir='ltr'>gratiam</span> 
     </span>
     <span class='ocr_line' id='line_1_73' title="bbox 982 1010 1760 1056; baseline -0.004 -9"><span class='ocrx_word' id='word_1_424' title='bbox 982 1011 1230 1055; x_wconf 86' lang='lat' dir='ltr'>remissionis,</span> <span class='ocrx_word' id='word_1_425' title='bbox 1254 1013 1290 1047; x_wconf 88' lang='lat' dir='ltr'>et</span> <span class='ocrx_word' id='word_1_426' title='bbox 1311 1011 1390 1046; x_wconf 81' lang='lat' dir='ltr'>haec</span> <span class='ocrx_word' id='word_1_427' title='bbox 1415 1010 1578 1056; x_wconf 88' lang='lat' dir='ltr'>pertinet</span> <span class='ocrx_word' id='word_1_428' title='bbox 1599 1010 1646 1046; x_wconf 89' lang='lat' dir='ltr'>ad</span> <span class='ocrx_word' id='word_1_429' title='bbox 1666 1019 1760 1055; x_wconf 84' lang='lat' dir='ltr'>gra-</span> 
     </span>
     <span class='ocr_line' id='line_1_74' title="bbox 980 1057 1755 1105; baseline -0.004 -11"><span class='ocrx_word' id='word_1_430' title='bbox 980 1059 1071 1095; x_wconf 86' lang='lat' dir='ltr'>tiam</span> <span class='ocrx_word' id='word_1_431' title='bbox 1090 1059 1389 1105; x_wconf 73' lang='lat' dir='ltr'>jiisiificaniem3</span> <span class='ocrx_word' id='word_1_432' title='bbox 1412 1057 1451 1094; x_wconf 90' lang='lat' dir='ltr'>in</span> <span class='ocrx_word' id='word_1_433' title='bbox 1477 1058 1644 1094; x_wconf 84' lang='lat' dir='ltr'>secunda</span> <span class='ocrx_word' id='word_1_434' title='bbox 1669 1066 1755 1103; x_wconf 82' lang='lat' dir='ltr'>gra-</span> 
     </span>
     <span class='ocr_line' id='line_1_75' title="bbox 982 1103 1759 1153; baseline -0.004 -11"><span class='ocrx_word' id='word_1_435' title='bbox 982 1107 1074 1142; x_wconf 85' lang='lat' dir='ltr'>tiam</span> <span class='ocrx_word' id='word_1_436' title='bbox 1095 1105 1338 1153; x_wconf 82' lang='lat' dir='ltr'>operationis,</span> <span class='ocrx_word' id='word_1_437' title='bbox 1368 1109 1405 1141; x_wconf 86' lang='lat' dir='ltr'>et</span> <span class='ocrx_word' id='word_1_438' title='bbox 1425 1106 1505 1141; x_wconf 81' lang='lat' dir='ltr'>liaec</span> <span class='ocrx_word' id='word_1_439' title='bbox 1531 1105 1578 1141; x_wconf 91' lang='lat' dir='ltr'>ad</span> <span class='ocrx_word' id='word_1_440' title='bbox 1598 1103 1759 1151; x_wconf 84' lang='lat' dir='ltr'>gratiam</span> 
     </span>
     <span class='ocr_line' id='line_1_76' title="bbox 980 1152 1755 1200; baseline -0.004 -10"><span class='ocrx_word' id='word_1_441' title='bbox 980 1158 1226 1200; x_wconf 84' lang='lat' dir='ltr'>operantem‚·</span> <span class='ocrx_word' id='word_1_442' title='bbox 1253 1152 1291 1187; x_wconf 91' lang='lat' dir='ltr'>in</span> <span class='ocrx_word' id='word_1_443' title='bbox 1313 1152 1423 1188; x_wconf 89' lang='lat' dir='ltr'>tertia</span> <span class='ocrx_word' id='word_1_444' title='bbox 1435 1152 1596 1198; x_wconf 88' lang='lat' dir='ltr'>gratiam</span> <span class='ocrx_word' id='word_1_445' title='bbox 1620 1161 1755 1187; x_wconf 89' lang='lat' dir='ltr'>conso-</span> 
     </span>
     <span class='ocr_line' id='line_1_77' title="bbox 979 1200 1757 1246; baseline -0.001 -11"><span class='ocrx_word' id='word_1_446' title='bbox 979 1200 1143 1243; x_wconf 84' lang='lat' dir='ltr'>lationis,</span> <span class='ocrx_word' id='word_1_447' title='bbox 1166 1204 1203 1237; x_wconf 89' lang='lat' dir='ltr'>et</span> <span class='ocrx_word' id='word_1_448' title='bbox 1223 1201 1303 1236; x_wconf 82' lang='lat' dir='ltr'>haec</span> <span class='ocrx_word' id='word_1_449' title='bbox 1324 1200 1371 1236; x_wconf 89' lang='lat' dir='ltr'>ad</span> <span class='ocrx_word' id='word_1_450' title='bbox 1405 1200 1566 1246; x_wconf 83' lang='lat' dir='ltr'>gratiam</span> <span class='ocrx_word' id='word_1_451' title='bbox 1585 1207 1757 1236; x_wconf 87' lang='lat' dir='ltr'>consum-</span> 
     </span>
     <span class='ocr_line' id='line_1_78' title="bbox 980 1251 1159 1284; baseline 0.006 -1"><span class='ocrx_word' id='word_1_452' title='bbox 980 1251 1159 1284; x_wconf 85' lang='lat' dir='ltr'>mantem.</span> 
     </span>
    </p>

    <p class='ocr_par' dir='ltr' id='par_1_5' title="bbox 974 1295 1761 2854">
     <span class='ocr_line' id='line_1_79' title="bbox 1025 1295 1759 1340; baseline -0.001 -9"><span class='ocrx_word' id='word_1_453' title='bbox 1025 1299 1045 1331; x_wconf 90' lang='grc'><strong>6</strong></span> <span class='ocrx_word' id='word_1_454' title='bbox 1074 1295 1297 1340; x_wconf 63' lang='lat' dir='ltr'>Exiunirnn,</span> <span class='ocrx_word' id='word_1_455' title='bbox 1330 1305 1629 1336; x_wconf 62' lang='lat' dir='ltr'>simiioxmioue</span> <span class='ocrx_word' id='word_1_456' title='bbox 1657 1304 1759 1330; x_wconf 76' lang='lat' dir='ltr'><strong>FILIAE</strong></span> 
     </span>
     <span class='ocr_line' id='line_1_80' title="bbox 978 1353 1757 1379; baseline 0.003 -2"><span class='ocrx_word' id='word_1_457' title='bbox 978 1354 1044 1378; x_wconf 82' lang='lat' dir='ltr'>PER</span> <span class='ocrx_word' id='word_1_458' title='bbox 1063 1354 1169 1377; x_wconf 71' lang='lat' dir='ltr'>filimi</span> <span class='ocrx_word' id='word_1_459' title='bbox 1190 1353 1230 1377; x_wconf 86' lang='lat' dir='ltr'>ET</span> <span class='ocrx_word' id='word_1_460' title='bbox 1249 1354 1564 1379; x_wconf 68' lang='lat' dir='ltr'>PERSEVERANTIAM</span> <span class='ocrx_word' id='word_1_461' title='bbox 1580 1353 1757 1379; x_wconf 78' lang='lat' dir='ltr'>MERETUR.</span> 
     </span>
     <span class='ocr_line' id='line_1_81' title="bbox 978 1389 1757 1436; baseline 0.004 -12"><span class='ocrx_word' id='word_1_462' title='bbox 978 1410 1023 1415; x_wconf 84' lang='lat'>——</span> <span class='ocrx_word' id='word_1_463' title='bbox 1050 1391 1106 1430; x_wconf 86' lang='lat' dir='ltr'>Et,</span> <span class='ocrx_word' id='word_1_464' title='bbox 1136 1389 1223 1435; x_wconf 88' lang='lat' dir='ltr'>quia</span> <span class='ocrx_word' id='word_1_465' title='bbox 1250 1389 1302 1425; x_wconf 88' lang='lat' dir='ltr'>sic</span> <span class='ocrx_word' id='word_1_466' title='bbox 1325 1393 1531 1436; x_wconf 74' lang='lat' dir='ltr'>prudenter</span> <span class='ocrx_word' id='word_1_467' title='bbox 1550 1389 1683 1426; x_wconf 86' lang='lat' dir='ltr'>habuit</span> <span class='ocrx_word' id='word_1_468' title='bbox 1703 1400 1757 1436; x_wconf 88' lang='lat' dir='ltr'>se,</span> 
     </span>
     <span class='ocr_line' id='line_1_82' title="bbox 980 1437 1756 1483; baseline 0.003 -11"><span class='ocrx_word' id='word_1_469' title='bbox 980 1437 1062 1472; x_wconf 90' lang='lat' dir='ltr'>ideo</span> <span class='ocrx_word' id='word_1_470' title='bbox 1097 1437 1249 1472; x_wconf 90' lang='lat' dir='ltr'>tandem</span> <span class='ocrx_word' id='word_1_471' title='bbox 1288 1437 1493 1483; x_wconf 87' lang='lat' dir='ltr'>benignum</span> <span class='ocrx_word' id='word_1_472' title='bbox 1527 1437 1658 1473; x_wconf 86' lang='lat' dir='ltr'>audire</span> <span class='ocrx_word' id='word_1_473' title='bbox 1694 1448 1756 1475; x_wconf 86' lang='lat' dir='ltr'>re-</span> 
     </span>
     <span class='ocr_line' id='line_1_83' title="bbox 977 1483 1752 1531; baseline 0.001 -11"><span class='ocrx_word' id='word_1_474' title='bbox 977 1493 1158 1530; x_wconf 84' lang='lat' dir='ltr'>sponsum</span> <span class='ocrx_word' id='word_1_475' title='bbox 1182 1483 1330 1519; x_wconf 83' lang='lat' dir='ltr'>meruit.</span> <span class='ocrx_word' id='word_1_476' title='bbox 1351 1486 1448 1520; x_wconf 72' lang='lat' dir='ltr'>Tunc</span> <span class='ocrx_word' id='word_1_477' title='bbox 1469 1484 1585 1529; x_wconf 91' lang='lat' dir='ltr'>enim,</span> <span class='ocrx_word' id='word_1_478' title='bbox 1603 1495 1752 1531; x_wconf 77' lang='lat' dir='ltr'>respon-</span> 
     </span>
     <span class='ocr_line' id='line_1_84' title="bbox 977 1532 1754 1576; baseline 0.003 -10"><span class='ocrx_word' id='word_1_479' title='bbox 977 1532 1064 1566; x_wconf 77' lang='lat' dir='ltr'>dens</span> <span class='ocrx_word' id='word_1_480' title='bbox 1083 1533 1200 1571; x_wconf 66' lang='lat' dir='ltr'>JOSttS,</span> <span class='ocrx_word' id='word_1_481' title='bbox 1217 1532 1270 1566; x_wconf 76' lang='lat' dir='ltr'>ait</span> <span class='ocrx_word' id='word_1_482' title='bbox 1291 1532 1351 1566; x_wconf 75' lang='lat' dir='ltr'>illi</span> <span class='ocrx_word' id='word_1_483' title='bbox 1374 1543 1380 1569; x_wconf 91' lang='lat'>:</span> <span class='ocrx_word' id='word_1_484' title='bbox 1404 1532 1432 1568; x_wconf 88' lang='grc' dir='ltr'><strong><em>Ο</em></strong></span> <span class='ocrx_word' id='word_1_485' title='bbox 1452 1533 1596 1576; x_wconf 74' lang='lat' dir='ltr'>mulier,</span> <span class='ocrx_word' id='word_1_486' title='bbox 1619 1542 1754 1576; x_wconf 67' lang='lat' dir='ltr'>masma</span> 
     </span>
     <span class='ocr_line' id='line_1_85' title="bbox 977 1578 1756 1625; baseline 0.004 -12"><span class='ocrx_word' id='word_1_487' title='bbox 977 1582 1029 1613; x_wconf 76' lang='lat' dir='ltr'>est</span> <span class='ocrx_word' id='word_1_488' title='bbox 1048 1579 1137 1624; x_wconf 68' lang='lat' dir='ltr'>fides</span> <span class='ocrx_word' id='word_1_489' title='bbox 1165 1582 1241 1621; x_wconf 74' lang='lat' dir='ltr'>tica,</span> <span class='ocrx_word' id='word_1_490' title='bbox 1267 1578 1367 1625; x_wconf 91' lang='lat' dir='ltr'>quod</span> <span class='ocrx_word' id='word_1_491' title='bbox 1389 1583 1490 1625; x_wconf 87' lang='lat' dir='ltr'>patet</span> <span class='ocrx_word' id='word_1_492' title='bbox 1521 1590 1564 1616; x_wconf 87' lang='lat' dir='ltr'>ex</span> <span class='ocrx_word' id='word_1_493' title='bbox 1583 1580 1698 1615; x_wconf 84' lang='lat' dir='ltr'>verbo</span> <span class='ocrx_word' id='word_1_494' title='bbox 1719 1582 1756 1616; x_wconf 86' lang='lat' dir='ltr'>et</span> 
     </span>
     <span class='ocr_line' id='line_1_86' title="bbox 978 1625 1757 1672; baseline 0.004 -12"><span class='ocrx_word' id='word_1_495' title='bbox 978 1626 1074 1661; x_wconf 77' lang='lat' dir='ltr'>facto</span> <span class='ocrx_word' id='word_1_496' title='bbox 1103 1636 1185 1669; x_wconf 89' lang='lat' dir='ltr'>suo,</span> <span class='ocrx_word' id='word_1_497' title='bbox 1208 1625 1294 1672; x_wconf 89' lang='lat' dir='ltr'>quia</span> <span class='ocrx_word' id='word_1_498' title='bbox 1323 1637 1397 1661; x_wconf 93' lang='lat' dir='ltr'>non</span> <span class='ocrx_word' id='word_1_499' title='bbox 1429 1626 1497 1662; x_wconf 81' lang='lat' dir='ltr'>fuit</span> <span class='ocrx_word' id='word_1_500' title='bbox 1518 1626 1712 1663; x_wconf 84' lang='lat' dir='ltr'>retardata</span> <span class='ocrx_word' id='word_1_501' title='bbox 1734 1636 1757 1663; x_wconf 82' lang='lat' dir='ltr'>a</span> 
     </span>
     <span class='ocr_line' id='line_1_87' title="bbox 982 1672 1758 1721; baseline 0.001 -13"><span class='ocrx_word' id='word_1_502' title='bbox 982 1674 1127 1708; x_wconf 79' lang='lat' dir='ltr'>fervore</span> <span class='ocrx_word' id='word_1_503' title='bbox 1148 1673 1312 1719; x_wconf 84' lang='lat' dir='ltr'>petendi,</span> <span class='ocrx_word' id='word_1_504' title='bbox 1335 1672 1457 1719; x_wconf 89' lang='lat' dir='ltr'>primo</span> <span class='ocrx_word' id='word_1_505' title='bbox 1480 1677 1635 1721; x_wconf 88' lang='lat' dir='ltr'>propter</span> <span class='ocrx_word' id='word_1_506' title='bbox 1658 1672 1758 1710; x_wconf 85' lang='lat' dir='ltr'>taci-</span> 
     </span>
     <span class='ocr_line' id='line_1_88' title="bbox 978 1721 1760 1772; baseline 0.003 -17"><span class='ocrx_word' id='word_1_507' title='bbox 978 1721 1213 1772; x_wconf 73' lang='lat' dir='ltr'>turnitatem,</span> <span class='ocrx_word' id='word_1_508' title='bbox 1251 1731 1318 1757; x_wconf 90' lang='lat' dir='ltr'>nec</span> <span class='ocrx_word' id='word_1_509' title='bbox 1339 1724 1469 1766; x_wconf 83' lang='lat' dir='ltr'>postea</span> <span class='ocrx_word' id='word_1_510' title='bbox 1494 1724 1648 1767; x_wconf 88' lang='lat' dir='ltr'>propter</span> <span class='ocrx_word' id='word_1_511' title='bbox 1680 1721 1760 1767; x_wconf 78' lang='lat' dir='ltr'>ejus</span> 
     </span>
     <span class='ocr_line' id='line_1_89' title="bbox 981 1767 1758 1815; baseline 0.003 -13"><span class='ocrx_word' id='word_1_512' title='bbox 981 1772 1193 1812; x_wconf 85' lang='lat' dir='ltr'>negativam</span> <span class='ocrx_word' id='word_1_513' title='bbox 1207 1767 1506 1814; x_wconf 88' lang='lat' dir='ltr'>responsionem,</span> <span class='ocrx_word' id='word_1_514' title='bbox 1519 1779 1585 1804; x_wconf 87' lang='lat' dir='ltr'>nec</span> <span class='ocrx_word' id='word_1_515' title='bbox 1604 1774 1758 1815; x_wconf 88' lang='lat' dir='ltr'>propter</span> 
     </span>
     <span class='ocr_line' id='line_1_90' title="bbox 979 1814 1758 1853; baseline 0.005 -4"><span class='ocrx_word' id='word_1_516' title='bbox 979 1814 1124 1850; x_wconf 87' lang='lat' dir='ltr'>illatum</span> <span class='ocrx_word' id='word_1_517' title='bbox 1150 1814 1369 1851; x_wconf 83' lang='lat' dir='ltr'>convitium.</span> <span class='ocrx_word' id='word_1_518' title='bbox 1390 1816 1474 1852; x_wconf 86' lang='lat' dir='ltr'>Jam</span> <span class='ocrx_word' id='word_1_519' title='bbox 1504 1820 1537 1851; x_wconf 84' lang='lat' dir='ltr'>te</span> <span class='ocrx_word' id='word_1_520' title='bbox 1562 1826 1638 1851; x_wconf 84' lang='lat' dir='ltr'>non</span> <span class='ocrx_word' id='word_1_521' title='bbox 1667 1825 1758 1853; x_wconf 87' lang='lat' dir='ltr'>voco</span> 
     </span>
     <span class='ocr_line' id='line_1_91' title="bbox 980 1862 1757 1910; baseline 0.004 -13"><span class='ocrx_word' id='word_1_522' title='bbox 980 1872 1126 1902; x_wconf 86' lang='lat' dir='ltr'>canem,</span> <span class='ocrx_word' id='word_1_523' title='bbox 1151 1862 1217 1897; x_wconf 91' lang='lat' dir='ltr'>sed</span> <span class='ocrx_word' id='word_1_524' title='bbox 1241 1862 1436 1899; x_wconf 84' lang='lat' dir='ltr'>mulierem</span> <span class='ocrx_word' id='word_1_525' title='bbox 1467 1862 1642 1907; x_wconf 73' lang='lat' dir='ltr'>fidelem,</span> <span class='ocrx_word' id='word_1_526' title='bbox 1668 1862 1757 1910; x_wconf 82' lang='lat' dir='ltr'>quia</span> 
     </span>
     <span class='ocr_line' id='line_1_92' title="bbox 979 1909 1759 1961; baseline 0.004 -17"><span class='ocrx_word' id='word_1_527' title='bbox 979 1911 1085 1961; x_wconf 81' lang='lat' dir='ltr'>tanta</span> <span class='ocrx_word' id='word_1_528' title='bbox 1105 1911 1161 1945; x_wconf 90' lang='lat' dir='ltr'>est</span> <span class='ocrx_word' id='word_1_529' title='bbox 1182 1909 1276 1945; x_wconf 84' lang='lat' dir='ltr'>fides</span> <span class='ocrx_word' id='word_1_530' title='bbox 1299 1913 1377 1954; x_wconf 88' lang='lat' dir='ltr'>tua,</span> <span class='ocrx_word' id='word_1_531' title='bbox 1402 1910 1502 1956; x_wconf 86' lang='lat' dir='ltr'>quod</span> <span class='ocrx_word' id='word_1_532' title='bbox 1531 1920 1591 1946; x_wconf 90' lang='lat' dir='ltr'>me</span> <span class='ocrx_word' id='word_1_533' title='bbox 1607 1920 1759 1956; x_wconf 83' lang='lat' dir='ltr'>supera-</span> 
     </span>
     <span class='ocr_line' id='line_1_93' title="bbox 980 1955 1758 2000; baseline 0.006 -10"><span class='ocrx_word' id='word_1_534' title='bbox 980 1959 1031 1991; x_wconf 90' lang='lat' dir='ltr'>vit</span> <span class='ocrx_word' id='word_1_535' title='bbox 1056 1959 1093 1991; x_wconf 89' lang='lat' dir='ltr'>et</span> <span class='ocrx_word' id='word_1_536' title='bbox 1122 1955 1228 2000; x_wconf 88' lang='lat' dir='ltr'>vicit;</span> <span class='ocrx_word' id='word_1_537' title='bbox 1259 1959 1295 1992; x_wconf 90' lang='lat' dir='ltr'>et</span> <span class='ocrx_word' id='word_1_538' title='bbox 1321 1957 1404 1993; x_wconf 87' lang='lat' dir='ltr'>ideo</span> <span class='ocrx_word' id='word_1_539' title='bbox 1429 1968 1437 1993; x_wconf 73' lang='grc' dir='ltr'>ι</span> <span class='ocrx_word' id='word_1_540' title='bbox 1464 1959 1543 1993; x_wconf 63' lang='lat' dir='ltr'>Fiat</span> <span class='ocrx_word' id='word_1_541' title='bbox 1563 1958 1642 2000; x_wconf 71' lang='lat' dir='ltr'>tibi,</span> <span class='ocrx_word' id='word_1_542' title='bbox 1664 1960 1758 1995; x_wconf 70' lang='lat' dir='ltr'>sicut</span> 
     </span>
     <span class='ocr_line' id='line_1_94' title="bbox 980 2003 1758 2046; baseline 0.006 -9"><span class='ocrx_word' id='word_1_543' title='bbox 980 2005 1048 2038; x_wconf 75' lang='lat' dir='ltr'>vis,</span> <span class='ocrx_word' id='word_1_544' title='bbox 1073 2003 1185 2046; x_wconf 87' lang='lat' dir='ltr'>Quasi</span> <span class='ocrx_word' id='word_1_545' title='bbox 1209 2003 1241 2039; x_wconf 86' lang='lat' dir='ltr'>ci</span> <span class='ocrx_word' id='word_1_546' title='bbox 1265 2003 1408 2040; x_wconf 85' lang='lat' dir='ltr'>diceret</span> <span class='ocrx_word' id='word_1_547' title='bbox 1431 2016 1438 2041; x_wconf 87' lang='lat'>:</span> <span class='ocrx_word' id='word_1_548' title='bbox 1465 2003 1571 2040; x_wconf 88' lang='lat' dir='ltr'>Fides</span> <span class='ocrx_word' id='word_1_549' title='bbox 1594 2008 1660 2041; x_wconf 88' lang='lat' dir='ltr'>tua</span> <span class='ocrx_word' id='word_1_550' title='bbox 1686 2005 1758 2042; x_wconf 83' lang='lat' dir='ltr'>hoc</span> 
     </span>
     <span class='ocr_line' id='line_1_95' title="bbox 982 2051 1757 2098; baseline 0.005 -13"><span class='ocrx_word' id='word_1_551' title='bbox 982 2055 1160 2094; x_wconf 83' lang='lat' dir='ltr'>meretur,</span> <span class='ocrx_word' id='word_1_552' title='bbox 1189 2051 1289 2097; x_wconf 88' lang='lat' dir='ltr'>quod</span> <span class='ocrx_word' id='word_1_553' title='bbox 1322 2055 1424 2098; x_wconf 84' lang='lat' dir='ltr'>patet</span> <span class='ocrx_word' id='word_1_554' title='bbox 1462 2062 1505 2087; x_wconf 75' lang='lat' dir='ltr'>ex</span> <span class='ocrx_word' id='word_1_555' title='bbox 1536 2052 1648 2098; x_wconf 85' lang='lat' dir='ltr'>sact0‚</span> <span class='ocrx_word' id='word_1_556' title='bbox 1673 2062 1757 2089; x_wconf 88' lang='lat' dir='ltr'>cum</span> 
     </span>
     <span class='ocr_line' id='line_1_96' title="bbox 979 2097 1761 2145; baseline 0.005 -13"><span class='ocrx_word' id='word_1_557' title='bbox 979 2097 1150 2133; x_wconf 80' lang='lat' dir='ltr'>subditur</span> <span class='ocrx_word' id='word_1_558' title='bbox 1173 2108 1181 2132; x_wconf 90' lang='lat'>:</span> <span class='ocrx_word' id='word_1_559' title='bbox 1207 2100 1254 2133; x_wconf 77' lang='lat' dir='ltr'>Et</span> <span class='ocrx_word' id='word_1_560' title='bbox 1274 2103 1407 2134; x_wconf 76' lang='lat' dir='ltr'>sanata</span> <span class='ocrx_word' id='word_1_561' title='bbox 1427 2103 1479 2135; x_wconf 82' lang='lat' dir='ltr'>est</span> <span class='ocrx_word' id='word_1_562' title='bbox 1495 2100 1576 2144; x_wconf 75' lang='lat' dir='ltr'>filia</span> <span class='ocrx_word' id='word_1_563' title='bbox 1596 2099 1687 2145; x_wconf 60' lang='lat' dir='ltr'>ems,</span> <span class='ocrx_word' id='word_1_564' title='bbox 1714 2110 1761 2137; x_wconf 69' lang='grc' dir='ltr'>θα]</span> 
     </span>
     <span class='ocr_line' id='line_1_97' title="bbox 979 2146 1755 2191; baseline 0.006 -12"><span class='ocrx_word' id='word_1_565' title='bbox 979 2146 1045 2180; x_wconf 72' lang='lat' dir='ltr'>illa</span> <span class='ocrx_word' id='word_1_566' title='bbox 1082 2146 1183 2185; x_wconf 76' lang='lat' dir='ltr'>hora,</span> <span class='ocrx_word' id='word_1_567' title='bbox 1219 2156 1261 2180; x_wconf 74' lang='lat' dir='ltr'>ex·</span> <span class='ocrx_word' id='word_1_568' title='bbox 1296 2157 1372 2191; x_wconf 85' lang='lat' dir='ltr'>qua</span> <span class='ocrx_word' id='word_1_569' title='bbox 1405 2146 1545 2182; x_wconf 89' lang='lat' dir='ltr'>scilicet</span> <span class='ocrx_word' id='word_1_570' title='bbox 1574 2146 1755 2184; x_wconf 89' lang='lat' dir='ltr'>Dominus</span> 
     </span>
     <span class='ocr_line' id='line_1_98' title="bbox 978 2191 1754 2231; baseline 0.006 -5"><span class='ocrx_word' id='word_1_571' title='bbox 978 2191 1067 2227; x_wconf 76' lang='lat' dir='ltr'>dixit</span> <span class='ocrx_word' id='word_1_572' title='bbox 1091 2203 1098 2227; x_wconf 91' lang='lat'>:</span> <span class='ocrx_word' id='word_1_573' title='bbox 1117 2193 1199 2227; x_wconf 69' lang='lat' dir='ltr'>Fiat</span> <span class='ocrx_word' id='word_1_574' title='bbox 1214 2193 1283 2228; x_wconf 72' lang='lat' dir='ltr'>tibi·</span> <span class='ocrx_word' id='word_1_575' title='bbox 1297 2195 1392 2229; x_wconf 72' lang='lat' dir='ltr'>sicut</span> <span class='ocrx_word' id='word_1_576' title='bbox 1408 2195 1475 2229; x_wconf 77' lang='lat' dir='ltr'>vis.</span> <span class='ocrx_word' id='word_1_577' title='bbox 1497 2193 1629 2230; x_wconf 87' lang='lat' dir='ltr'>Dicere</span> <span class='ocrx_word' id='word_1_578' title='bbox 1652 2193 1754 2231; x_wconf 87' lang='lat' dir='ltr'>enim</span> 
     </span>
     <span class='ocr_line' id='line_1_99' title="bbox 977 2238 1747 2292; baseline 0.003 -17"><span class='ocrx_word' id='word_1_579' title='bbox 977 2239 1042 2275; x_wconf 92' lang='lat' dir='ltr'>Dei</span> <span class='ocrx_word' id='word_1_580' title='bbox 1065 2242 1120 2292; x_wconf 81' lang='lat' dir='ltr'>est</span> <span class='ocrx_word' id='word_1_581' title='bbox 1137 2238 1276 2291; x_wconf 68' lang='lat' dir='ltr'>iacere,</span> <span class='ocrx_word' id='word_1_582' title='bbox 1300 2240 1389 2286; x_wconf 88' lang='lat' dir='ltr'>quia</span> <span class='ocrx_word' id='word_1_583' title='bbox 1416 2239 1516 2276; x_wconf 89' lang='lat' dir='ltr'>enim</span> <span class='ocrx_word' id='word_1_584' title='bbox 1549 2251 1571 2277; x_wconf 89' lang='lat' dir='ltr'>a</span> <span class='ocrx_word' id='word_1_585' title='bbox 1600 2242 1747 2278; x_wconf 82' lang='lat' dir='ltr'>fervore</span> 
     </span>
     <span class='ocr_line' id='line_1_100' title="bbox 976 2286 1747 2334; baseline 0.005 -13"><span class='ocrx_word' id='word_1_586' title='bbox 976 2286 1167 2332; x_wconf 86' lang='lat' dir='ltr'>petitionis</span> <span class='ocrx_word' id='word_1_587' title='bbox 1188 2297 1264 2322; x_wconf 91' lang='lat' dir='ltr'>non</span> <span class='ocrx_word' id='word_1_588' title='bbox 1283 2286 1466 2333; x_wconf 79' lang='lat' dir='ltr'>refriguit,</span> <span class='ocrx_word' id='word_1_589' title='bbox 1501 2298 1540 2323; x_wconf 89' lang='lat' dir='ltr'>se</span> <span class='ocrx_word' id='word_1_590' title='bbox 1567 2298 1747 2334; x_wconf 87' lang='lat' dir='ltr'>perseve-</span> 
     </span>
     <span class='ocr_line' id='line_1_101' title="bbox 976 2333 1761 2380; baseline 0.003 -10"><span class='ocrx_word' id='word_1_591' title='bbox 976 2333 1074 2370; x_wconf 87' lang='lat' dir='ltr'>ravit</span> <span class='ocrx_word' id='word_1_592' title='bbox 1095 2336 1132 2369; x_wconf 90' lang='lat' dir='ltr'>et</span> <span class='ocrx_word' id='word_1_593' title='bbox 1151 2333 1260 2369; x_wconf 85' lang='lat' dir='ltr'>valde</span> <span class='ocrx_word' id='word_1_594' title='bbox 1281 2345 1320 2370; x_wconf 91' lang='lat' dir='ltr'>se</span> <span class='ocrx_word' id='word_1_595' title='bbox 1342 2334 1554 2371; x_wconf 89' lang='lat' dir='ltr'>humiliavit</span> <span class='ocrx_word' id='word_1_596' title='bbox 1572 2346 1581 2380; x_wconf 80' lang='lat'>3</span> <span class='ocrx_word' id='word_1_597' title='bbox 1603 2335 1688 2372; x_wconf 90' lang='lat' dir='ltr'>ideo</span> <span class='ocrx_word' id='word_1_598' title='bbox 1708 2334 1761 2372; x_wconf 90' lang='lat' dir='ltr'>di-</span> 
     </span>
     <span class='ocr_line' id='line_1_102' title="bbox 976 2380 1754 2433; baseline 0.005 -18"><span class='ocrx_word' id='word_1_599' title='bbox 976 2380 1201 2433; x_wconf 38' lang='lat' dir='ltr'>vina-pietas</span> <span class='ocrx_word' id='word_1_600' title='bbox 1216 2391 1253 2416; x_wconf 90' lang='lat' dir='ltr'>se</span> <span class='ocrx_word' id='word_1_601' title='bbox 1274 2382 1435 2428; x_wconf 87' lang='lat' dir='ltr'>amplius</span> <span class='ocrx_word' id='word_1_602' title='bbox 1463 2382 1655 2420; x_wconf 88' lang='lat' dir='ltr'>continere</span> <span class='ocrx_word' id='word_1_603' title='bbox 1677 2393 1754 2419; x_wconf 91' lang='lat' dir='ltr'>non</span> 
     </span>
     <span class='ocr_line' id='line_1_103' title="bbox 975 2429 1751 2475; baseline 0.006 -13"><span class='ocrx_word' id='word_1_604' title='bbox 975 2431 1110 2474; x_wconf 86' lang='lat' dir='ltr'>potuit,</span> <span class='ocrx_word' id='word_1_605' title='bbox 1133 2438 1214 2474; x_wconf 84' lang='lat' dir='ltr'>quae</span> <span class='ocrx_word' id='word_1_606' title='bbox 1236 2439 1385 2475; x_wconf 89' lang='lat' dir='ltr'>semper</span> <span class='ocrx_word' id='word_1_607' title='bbox 1399 2430 1437 2465; x_wconf 90' lang='lat' dir='ltr'>in</span> <span class='ocrx_word' id='word_1_608' title='bbox 1455 2429 1666 2466; x_wconf 88' lang='lat' dir='ltr'>orationem</span> <span class='ocrx_word' id='word_1_609' title='bbox 1686 2431 1751 2467; x_wconf 88' lang='lat' dir='ltr'>hu-</span> 
     </span>
     <span class='ocr_line' id='line_1_104' title="bbox 976 2474 1749 2522; baseline 0.004 -12"><span class='ocrx_word' id='word_1_610' title='bbox 976 2474 1120 2510; x_wconf 88' lang='lat' dir='ltr'>milium</span> <span class='ocrx_word' id='word_1_611' title='bbox 1159 2476 1333 2521; x_wconf 82' lang='lat' dir='ltr'>respexit,</span> <span class='ocrx_word' id='word_1_612' title='bbox 1373 2479 1408 2513; x_wconf 90' lang='lat' dir='ltr'>et</span> <span class='ocrx_word' id='word_1_613' title='bbox 1449 2487 1578 2522; x_wconf 87' lang='lat' dir='ltr'>preces</span> <span class='ocrx_word' id='word_1_614' title='bbox 1619 2487 1749 2513; x_wconf 88' lang='lat' dir='ltr'>eorum</span> 
     </span>
     <span class='ocr_line' id='line_1_105' title="bbox 976 2522 1752 2569; baseline 0.004 -12"><span class='ocrx_word' id='word_1_615' title='bbox 976 2533 1049 2557; x_wconf 92' lang='lat' dir='ltr'>non</span> <span class='ocrx_word' id='word_1_616' title='bbox 1068 2522 1247 2568; x_wconf 85' lang='lat' dir='ltr'>despexit.</span> <span class='ocrx_word' id='word_1_617' title='bbox 1264 2523 1392 2568; x_wconf 81' lang='lat' dir='ltr'>Igitur,</span> <span class='ocrx_word' id='word_1_618' title='bbox 1411 2523 1498 2569; x_wconf 88' lang='lat' dir='ltr'>quia</span> <span class='ocrx_word' id='word_1_619' title='bbox 1515 2534 1691 2569; x_wconf 81' lang='lat' dir='ltr'>magnam</span> <span class='ocrx_word' id='word_1_620' title='bbox 1711 2523 1752 2559; x_wconf 88' lang='lat' dir='ltr'>fi-</span> 
     </span>
     <span class='ocr_line' id='line_1_106' title="bbox 975 2569 1752 2618; baseline 0.005 -14"><span class='ocrx_word' id='word_1_621' title='bbox 975 2569 1060 2604; x_wconf 88' lang='lat' dir='ltr'>dem</span> <span class='ocrx_word' id='word_1_622' title='bbox 1085 2569 1227 2611; x_wconf 84' lang='lat' dir='ltr'>habuit,</span> <span class='ocrx_word' id='word_1_623' title='bbox 1242 2571 1311 2605; x_wconf 89' lang='lat' dir='ltr'>hoc</span> <span class='ocrx_word' id='word_1_624' title='bbox 1331 2571 1431 2614; x_wconf 81' lang='lat' dir='ltr'>quod</span> <span class='ocrx_word' id='word_1_625' title='bbox 1452 2571 1752 2618; x_wconf 79' lang='lat' dir='ltr'>petiit,iinpetra·</span> 
     </span>
     <span class='ocr_line' id='line_1_107' title="bbox 976 2615 1753 2665; baseline 0.005 -15"><span class='ocrx_word' id='word_1_626' title='bbox 976 2616 1026 2651; x_wconf 84' lang='lat' dir='ltr'>vit</span> <span class='ocrx_word' id='word_1_627' title='bbox 1045 2628 1054 2660; x_wconf 75' lang='lat'>3</span> <span class='ocrx_word' id='word_1_628' title='bbox 1079 2615 1152 2651; x_wconf 84' lang='lat' dir='ltr'>imo</span> <span class='ocrx_word' id='word_1_629' title='bbox 1171 2616 1251 2662; x_wconf 88' lang='lat' dir='ltr'>plus</span> <span class='ocrx_word' id='word_1_630' title='bbox 1273 2618 1434 2653; x_wconf 85' lang='lat' dir='ltr'>obtinuit</span> <span class='ocrx_word' id='word_1_631' title='bbox 1449 2629 1561 2663; x_wconf 86' lang='lat' dir='ltr'>quani</span> <span class='ocrx_word' id='word_1_632' title='bbox 1583 2618 1753 2665; x_wconf 85' lang='lat' dir='ltr'>postula-</span> 
     </span>
     <span class='ocr_line' id='line_1_108' title="bbox 976 2663 1752 2712; baseline 0.006 -14"><span class='ocrx_word' id='word_1_633' title='bbox 976 2663 1039 2698; x_wconf 87' lang='lat' dir='ltr'>vit.</span> <span class='ocrx_word' id='word_1_634' title='bbox 1069 2664 1160 2699; x_wconf 90' lang='lat' dir='ltr'>Nam</span> <span class='ocrx_word' id='word_1_635' title='bbox 1183 2664 1477 2708; x_wconf 80' lang='lat' dir='ltr'>postulavittiliae</span> <span class='ocrx_word' id='word_1_636' title='bbox 1488 2677 1563 2702; x_wconf 81' lang='lat' dir='ltr'>suae</span> <span class='ocrx_word' id='word_1_637' title='bbox 1585 2664 1752 2712; x_wconf 89' lang='lat' dir='ltr'>corporis</span> 
     </span>
     <span class='ocr_line' id='line_1_109' title="bbox 976 2711 1750 2763; baseline 0.004 -18"><span class='ocrx_word' id='word_1_638' title='bbox 976 2711 1188 2763; x_wconf 41' lang='lat' dir='ltr'>sanita-tenu</span> <span class='ocrx_word' id='word_1_639' title='bbox 1204 2721 1278 2747; x_wconf 92' lang='lat' dir='ltr'>non</span> <span class='ocrx_word' id='word_1_640' title='bbox 1287 2712 1409 2748; x_wconf 80' lang='lat' dir='ltr'>solun]</span> <span class='ocrx_word' id='word_1_641' title='bbox 1423 2713 1517 2749; x_wconf 88' lang='lat' dir='ltr'>hanc</span> <span class='ocrx_word' id='word_1_642' title='bbox 1529 2713 1562 2750; x_wconf 90' lang='lat' dir='ltr'>ei</span> <span class='ocrx_word' id='word_1_643' title='bbox 1574 2712 1750 2758; x_wconf 86' lang='lat' dir='ltr'>obtinuit,</span> 
     </span>
     <span class='ocr_line' id='line_1_110' title="bbox 975 2757 1747 2811; baseline 0.003 -18"><span class='ocrx_word' id='word_1_644' title='bbox 975 2757 1041 2811; x_wconf 77' lang='lat' dir='ltr'>sed</span> <span class='ocrx_word' id='word_1_645' title='bbox 1057 2762 1170 2794; x_wconf 84' lang='lat' dir='ltr'>etiam</span> <span class='ocrx_word' id='word_1_646' title='bbox 1187 2759 1639 2806; x_wconf 82' lang='lat' dir='ltr'>mentisjustificationem</span> <span class='ocrx_word' id='word_1_647' title='bbox 1652 2759 1747 2796; x_wconf 89' lang='lat' dir='ltr'>etsi-</span> 
     </span>
     <span class='ocr_line' id='line_1_111' title="bbox 974 2804 1742 2854; baseline 0.004 -14"><span class='ocrx_word' id='word_1_648' title='bbox 974 2804 1083 2852; x_wconf 89' lang='lat' dir='ltr'>biipsi</span> <span class='ocrx_word' id='word_1_649' title='bbox 1110 2805 1260 2852; x_wconf 85' lang='lat' dir='ltr'>plenam</span> <span class='ocrx_word' id='word_1_650' title='bbox 1296 2807 1594 2845; x_wconf 87' lang='lat' dir='ltr'>conversionem.</span> <span class='ocrx_word' id='word_1_651' title='bbox 1635 2808 1742 2854; x_wconf 82' lang='lat' dir='ltr'>Saepe</span> 
     </span>
    </p>
   </div>
  </div>
 </body>
</html>
