1894 3186
161 182 201 217 82
673 177 817 210 PRIMAE
853 175 1012 210 PARTIS
1050 174 1186 208 CAPUT
1225 174 1298 208 LVI

159 251 199 287 id
225 252 282 286 est
307 250 508 296 postquam
528 245 641 292 coepit
664 248 832 283 Joannes
852 257 946 292 prae-

159 297 286 334 dicare
307 294 613 332 consecutionem
646 293 754 340 regni
778 293 945 329 coelestis

159 355 228 391 per
238 342 511 390 poenitentiam,
521 352 737 387 usquenunc
749 340 943 385 inclusive,

159 392 249 437 quia
268 394 417 436 tempus
437 388 583 436 gratiae,
609 399 631 424 a
656 391 826 434 tempore
848 399 945 434 prae-

158 437 359 475 dicationis
389 436 548 473 Joannis
585 435 817 479 inchoatum,
846 446 944 471 sem-

157 496 225 532 per
249 485 333 529 erit,
362 483 543 530 quamdiu
573 494 668 518 mmo
697 482 769 518 dici
804 486 941 528 potest,

157 536 194 569 et
214 543 334 578 usque
360 531 409 567 ad
444 531 562 566 finem
599 529 731 566 mundi
759 529 942 573 durabit3

153 591 304 625 requam
327 580 493 615 coelorum
510 579 584 612 vim
604 580 747 622 patitur
777 588 800 612 a
821 576 943 622 poeni-

152 627 336 670 tentibus;
359 629 391 661 et
417 626 582 668 violenti,
616 624 669 659 illi
706 624 848 659 scilicet
879 623 941 668 qui

155 685 230 711 non
251 674 426 709 videntur
447 673 587 708 habere
604 672 680 717 jus,
701 670 797 706 sicut
816 670 940 716 publi-

155 721 237 758 cani
259 724 296 757 et
317 723 548 767 peccatores,
572 720 725 764 rapiunt
747 719 859 759 illud,
885 729 944 753 ex-

154 768 269 805 clusis
297 767 438 804 scilicet
477 766 565 801 filiis
602 764 722 811 regni.
766 765 796 800 A
827 765 939 800 simili

155 815 292 851 dictum
322 818 391 857 est,
421 813 517 849 sicut
546 812 575 847 si
600 812 751 857 aliquod
780 823 939 856 regnum

154 863 281 898 datum
299 866 397 897 esset
414 859 613 903 extraneis,
636 858 741 904 quasi
762 858 940 894 violentia

152 909 345 945 videretur
383 907 513 943 inferri
548 906 628 952 ipso
663 915 793 948 regim.
835 904 939 938 Unde

146 958 315 991 Hilarius
333 967 341 990 :
367 968 384 988 «
407 958 568 996 Resmitm
586 952 757 986 coelorum
776 951 849 984 vim
871 961 936 994 pa-

148 1005 252 1045 titur,
276 1002 364 1048 quia
388 999 509 1045 gloria
532 997 597 1033 Dei
626 996 741 1032 Israel
767 997 938 1042 patribus

149 1049 290 1092 debita,
319 1060 341 1084 a
372 1045 571 1092 Prophetis
604 1043 874 1090 praenuntiata,
916 1055 938 1079 a

152 1096 299 1134 Christo
333 1095 473 1137 oblata,
510 1092 582 1127 tide
617 1091 791 1127 Gentium
827 1102 936 1127 occu-

153 1147 278 1190 patur,
315 1142 405 1177 dum
440 1151 508 1186 per
540 1138 799 1183 poenitentiam
825 1149 937 1184 quam

152 1193 316 1227 Joanncs
348 1186 582 1234 praedicavit,
615 1186 747 1221 fideles
784 1186 832 1221 ad
861 1196 935 1220 coe-

151 1237 283 1274 lestem
306 1235 480 1282 patriam,
510 1232 615 1280 quasi
642 1233 821 1268 inlocum
846 1233 936 1268 alie-

144 1295 234 1321 num
255 1286 466 1330 penetrant.
490 1296 507 1314 >›
546 1281 651 1316 Unde
671 1284 709 1315 et
728 1281 938 1323 Chrysosto-

149 1343 253 1367 mus:
280 1330 430 1366 «Vides
451 1339 540 1375 ergo
571 1327 657 1373 quia
693 1338 850 1372 magnus
882 1330 938 1362 ost

149 1381 330 1422 Joannes,
348 1377 385 1412 in
406 1377 510 1422 cujus
543 1379 712 1419 tempore
737 1378 841 1410 tanta
856 1385 938 1419 gra-

152 1425 203 1462 tia
226 1426 345 1461 effusa
362 1427 417 1460 e>t
447 1434 558 1469 super
577 1427 716 1457 terram
735 1433 742 1463 ;
768 1426 804 1457 ct
838 1422 937 1466 quod

150 1472 190 1508 in
218 1473 349 1508 diebus
382 1471 550 1506 omnium
586 1470 856 1514 Prophetarum
886 1469 938 1504 fa-

151 1523 251 1556 ctum
266 1530 339 1555 non
360 1522 430 1561 est,
445 1518 481 1553 in
499 1517 597 1552 illius
610 1520 779 1561 tempore
798 1517 935 1550 sactum

148 1570 217 1611 est,
247 1570 283 1602 et
316 1566 396 1612 ipse
426 1567 544 1600 tactus
577 1567 633 1599 cst
670 1563 801 1609 gratimv
825 1563 935 1608 hujus

150 1613 323 1650 minister
341 1625 349 1649 :
380 1626 397 1646 »
420 1613 500 1647 haec
519 1613 806 1655 Chrysoscomus.

198 1675 235 1697 1¹2
260 1662 351 1703 QUID
386 1672 438 1694 StT
462 1670 653 1694 VIOLENTIA
686 1669 830 1693 REGNUM
862 1668 931 1692 (ΥΕ-

145 1719 262 1744 LORUM
282 1707 444 1743 RAPERE‘?
459 1726 502 1733 -
521 1707 552 1741 Λ
569 1706 695 1739 diebus
715 1715 804 1749 ergo
827 1706 935 1739 Joan-

145 1757 202 1791 nis
231 1766 382 1799 reanum
404 1755 570 1789 carlorum
597 1751 718 1798 patuit
740 1751 931 1797 poeniten-

146 1802 260 1845 tibus,
298 1812 320 1837 a
346 1801 482 1846 quibus
504 1802 577 1834 vim
598 1801 744 1844 patitur
782 1802 819 1833 et
858 1798 934 1833 vio-

148 1850 272 1885 lenter
290 1849 459 1894 rapitur:
483 1847 571 1892 quia
586 1845 728 1891 primus
749 1845 933 1891 psnniten-

145 1897 234 1932 tiam
268 1894 500 1941 praedicavit,
535 1904 609 1939 qua
635 1893 734 1928 velut
766 1892 929 1937 quadam

144 1943 322 1979 violentia
352 1953 420 1978 nos
440 1940 657 1987 affligendo,
686 1943 722 1975 et
756 1950 823 1985 pro
847 1950 930 1985 pec-

144 1990 237 2026 catis
258 1989 537 2031 satisfaciendo,
554 1998 713 2031 regnum
732 1987 925 2030 cadorum,

144 2037 251 2083 quasi
272 2037 438 2080 violenti,
471 2046 544 2071 non
572 2034 683 2081 pigri,
706 2034 872 2078 rapimus
892 2038 927 2069 et

142 2084 341 2120 intramus.
358 2086 387 2120 A
407 2094 479 2129 quo
501 2082 600 2118 enim
634 2092 701 2127 pcr
732 2085 925 2126 peccatum

140 2131 251 2167 alieni
276 2131 359 2167 sacti
389 2140 532 2173 sumus,
570 2129 604 2163 vi
637 2133 668 2163 ot
693 2128 828 2163 virtuto
852 2139 928 2174 poe-

141 2177 308 2214 nitentiae
330 2177 559 2223 acquirimus
578 2187 585 2219 3
617 2178 653 2210 et
676 2174 713 2211 id
735 2175 834 2220 quod
862 2186 928 2210 no-

144 2225 201 2261 bis
225 2225 271 2260 de
291 2226 374 2270 jure
403 2235 478 2259 non
513 2224 684 2266 debetur,
723 2222 852 2257 labore
889 2226 926 2257 ct

142 2271 320 2308 violentia
340 2271 520 2317 rapimus.
550 2269 661 2313 Quasi
684 2280 817 2315 rapere
839 2269 924 2315 qui-

140 2319 226 2355 dem
247 2322 303 2354 est
322 2319 385 2354 ubi
409 2318 550 2354 nullum
570 2318 630 2362 jus
667 2317 864 2359 habemus,
888 2320 925 2352 et

141 2366 240 2412 quod
258 2366 488 2411 Angelorum
509 2367 565 2399 est
585 2364 773 2409 possessio
798 2365 924 2409 acqui-

140 2423 237 2450 rere.
256 2414 336 2448 Non
357 2415 480 2458 potest
498 2411 599 2446 enim
621 2412 733 2446 homo
754 2414 864 2446 natus
884 2410 923 2446 in

142 2463 244 2496 terra
269 2470 402 2505 rapere
439 2459 585 2501 coelum,
614 2457 685 2493 nisi
710 2457 779 2493 sibi
812 2457 925 2493 faciat

140 2506 372 2550 violentiam,
398 2506 605 2541 coercendo
626 2516 647 2540 a
668 2504 924 2540 delectationi-

142 2554 212 2590 bus
230 2553 423 2600 propr1um
440 2552 645 2598 appetitum
666 2555 702 2587 et
722 2553 924 2597 subjugan-

139 2600 186 2637 do
208 2600 357 2647 spiritui
377 2610 527 2636 carnem
554 2610 672 2635 suam.
710 2599 814 2634 Unde
834 2601 921 2634 Hie-

141 2659 313 2692 ronymus
335 2661 345 2683 :
365 2660 381 2681 «
404 2647 564 2683 Grandis
583 2650 638 2682 est
652 2645 832 2681 violentia
853 2657 921 2682 nos

140 2694 300 2731 interra
319 2694 465 2740 genitos
486 2704 581 2737 esse,
604 2696 640 2728 et
663 2693 842 2729 coelorum
865 2704 920 2729 se-

140 2741 225 2777 dem
251 2752 448 2788 quaerere3
470 2740 664 2787 possidere
698 2751 766 2786 per
801 2740 918 2776 virtu-

146 2798 219 2833 em,
232 2789 332 2836 quod
347 2800 421 2825 non
433 2792 606 2825 tenemus
615 2798 682 2834 per
693 2790 880 2824 naturam.
896 2800 914 2823 »

1019 244 1125 280 Unde
1150 247 1187 279 et
1205 244 1444 280 Ambrosius:
1468 257 1485 279 «
1500 243 1559 281 ‘Et
1578 244 1665 281 ideo
1686 243 1806 282 facia-

1019 301 1103 327 mus
1117 290 1193 326 vim
1210 302 1327 336 regno
1347 291 1539 328 caelorum.
1555 291 1686 328 Omnis
1703 291 1805 328 enim

1020 339 1084 384 qui
1105 338 1181 373 vim
1203 338 1306 383 facit,
1327 339 1541 375 vehementi
1569 338 1692 375 studio
1717 350 1807 385 pro-

1019 389 1139 431 perat,
1172 396 1249 421 non
1274 386 1438 431 torpenti
1458 387 1632 423 lentescit
1650 386 1803 432 affectu,

1020 436 1057 468 et
1079 432 1163 468 ideo
1189 432 1262 468 vim
1287 432 1443 469 facimus
1465 438 1627 478 naturae,
1662 436 1703 470 ut
1728 444 1807 470 non

1018 480 1066 515 ad
1087 483 1239 516 terrena
1257 480 1465 525 demergat,
1485 482 1550 517 sed
1570 482 1617 517 ad
1640 491 1806 527 superna

1019 538 1058 563 se
1081 526 1263 572 subrigat.
1285 540 1302 561 »
1323 528 1428 563 Unde
1445 528 1559 564 etiam
1579 529 1774 573 Gregorius
1793 541 1804 564 t

1020 575 1143 610 «Cum
1159 577 1377 620 peccatores
1388 575 1435 610 ad
1448 575 1708 621 poenitentiam
1722 575 1807 612 red-

1018 625 1120 664 eunt,
1142 621 1249 667 quasi
1267 621 1305 656 in
1319 621 1443 657 locum
1462 622 1625 658 alienum
1647 622 1802 668 intrant,

1017 673 1054 705 et
1087 669 1272 705 violenter
1298 679 1455 714 regnum
1488 670 1669 706 coelorum
1702 671 1807 716 rapi-

1016 719 1129 752 unt.»
1146 718 1189 752 Et
1204 716 1362 752 iterum:
1382 716 1681 762 «Recogitemus
1695 727 1801 763 ergo,

1016 763 1152 799 fratres
1161 763 1360 805 carissimi,
1372 763 1471 799 mala
1487 774 1571 809 quae
1587 765 1805 809 fecimus,et

1016 810 1269 855 nosmetipsos
1287 810 1450 846 assiduis
1467 811 1643 847 lamentis
1664 814 1803 847 attera-

1015 866 1118 890 mus:
1137 857 1386 892 hereditatem
1397 858 1583 903 Justorum
1595 869 1707 904 quam
1723 869 1802 894 non

1014 902 1203 938 tenuimus
1217 914 1283 948 per
1295 903 1424 948 vitam,
1441 904 1632 950 rapiamus
1646 917 1714 951 per
1726 916 1804 951 poe-

1014 948 1227 985 nitentiam.
1256 951 1342 985 Vult
1364 961 1387 986 a
1423 952 1532 988 nobis
1559 953 1800 999 omnipotens

1014 997 1112 1031 Deus
1139 997 1251 1032 talem
1274 997 1491 1034 violentiam
1524 1001 1684 1045 perpeti,
1711 1009 1799 1035 nam

1013 1053 1171 1087 regnum
1193 1044 1372 1080 coelorum
1389 1045 1469 1091 rapi
1487 1046 1563 1082 vult
1582 1047 1720 1083 nostris
1736 1048 1801 1082 fle-

1013 1089 1127 1133 tibus,
1146 1091 1246 1134 quod
1266 1091 1405 1127 nostris
1424 1092 1567 1129 meritis
1588 1105 1666 1130 non
1682 1094 1800 1130 debe-

1012 1140 1086 1172 tur.
1115 1151 1133 1168 n
1156 1137 1260 1172 Unde
1282 1141 1319 1172 et
1338 1139 1517 1172 Eusebius
1541 1149 1549 1172 :
1575 1152 1593 1170 «
1615 1143 1694 1174 Non
1717 1140 1799 1176 sine

1012 1183 1190 1219 violentia
1211 1183 1293 1219 fieri
1315 1186 1451 1229 potest,
1479 1187 1519 1219 ut
1539 1185 1799 1232 unusquisque

1011 1230 1245 1266 iracundiam
1276 1230 1474 1277 patientia,
1498 1232 1714 1278 superbiam
1732 1234 1799 1269 hu—

1013 1278 1170 1313 militate
1210 1282 1428 1321 commutet,
1448 1289 1576 1314 amore
1599 1283 1800 1325 pauperta-

1011 1324 1060 1360 tis
1080 1329 1115 1360 et
1137 1324 1354 1370 indigentiae
1376 1325 1608 1361 affluentiam
1629 1331 1795 1373 superet,

1014 1371 1258 1408 vinolentiam
1287 1372 1502 1416 sobrietate,
1526 1373 1708 1409 luxuriam
1734 1385 1796 1411 ca-

1014 1419 1140 1455 stitate
1173 1422 1390 1463 commutet,
1414 1424 1450 1456 et
1473 1421 1584 1455 homo
1607 1421 1730 1457 subito
1758 1421 1796 1458 in

1011 1466 1133 1501 virum
1152 1467 1313 1502 alterum
1338 1471 1625 1511 transmutetur3
1649 1468 1755 1504 etsie
1773 1479 1795 1505 a

1010 1513 1152 1549 talibus
1173 1524 1240 1558 per
1262 1514 1478 1549 violentiam
1507 1525 1664 1559 rognum
1686 1515 1795 1552 coelo-

1011 1572 1094 1595 rum
1112 1560 1339 1606 diripitur.»
1358 1562 1462 1597 Unde
1475 1562 1586 1597 otiam
1603 1561 1639 1597 in
1655 1562 1798 1598 collati-

1011 1619 1082 1643 one
1095 1607 1243 1643 abbatis
1258 1609 1444 1643 Abraham
1459 1608 1510 1644 sic
1523 1609 1678 1644 dicitur:
1697 1624 1715 1641 «
1728 1610 1795 1646 Re-

1008 1666 1125 1701 gnum
1147 1655 1285 1691 etenim
1306 1656 1497 1691 -coelorum
1530 1667 1605 1691 non
1632 1656 1792 1702 desides,

1007 1713 1082 1737 non
1104 1702 1266 1746 remissi,
1288 1713 1361 1738 non
1374 1702 1537 1746 delicati,
1556 1714 1629 1739 non
1651 1703 1786 1749 teneri,

1009 1749 1074 1785 sed
1095 1749 1247 1785 violenti
1269 1749 1453 1796 diripiunt
1474 1761 1482 1793 3
1505 1750 1566 1795 qui
1593 1761 1666 1785 non
1688 1751 1786 1795 aliis,

1006 1797 1071 1832 sed
1104 1796 1240 1832 animae
1266 1807 1342 1832 suae
1376 1798 1596 1843 praeclaram
1620 1797 1790 1834 inferunt

1005 1843 1235 1887 violentiam,
1279 1843 1379 1879 omni
1426 1855 1508 1880 eam
1548 1845 1790 1890 praesentium

1004 1901 1130 1926 rorum
1150 1891 1340 1936 voluptate
1363 1892 1593 1927 fraudantes,
1619 1892 1680 1927 Isti
1697 1903 1787 1938 pro-

1003 1938 1099 1973 fecto
1120 1942 1207 1973 sunt
1222 1938 1430 1974 laudabiles
1448 1938 1614 1982 violenti,
1629 1939 1691 1984 qui
1712 1939 1787 1975 vim

1003 1986 1144 2020 faciunt
1171 1985 1372 2031 perditioni
1399 1996 1488 2021 suae.
1526 1988 1644 2021 Homo
1667 1986 1782 2031 enim,

1002 2036 1042 2067 nt
1061 2032 1241 2078 scriptum
1263 2036 1333 2075 cst,
1362 2032 1399 2068 in
1420 2033 1615 2069 doloribus
1636 2033 1784 2070 laborat

1003 2079 1087 2123 sibi,
1108 2084 1143 2115 et
1165 2079 1238 2114 vim
1260 2081 1347 2115 facit
1367 2080 1674 2125 perditionisuae.
1699 2081 1786 2116 Per-

1002 2126 1095 2161 ditio
1117 2131 1247 2163 nostra
1285 2130 1341 2162 est
1368 2127 1569 2162 oblectatio
1589 2127 1788 2172 praesentis

1004 2173 1086 2209 vitae
1122 2177 1157 2209 et
1192 2174 1362 2209 executio
1385 2173 1659 2209 desideriorum
1683 2174 1786 2211 volu—

999 2224 1224 2266 ptatumque
1249 2226 1476 2265 nostrarum,
1514 2231 1606 2266 quas
1642 2220 1672 2256 si
1703 2221 1786 2267 quis

999 2269 1046 2303 ab
1068 2268 1196 2303 anima
1218 2278 1285 2303 sua
1312 2267 1541 2304 subtraxerit
1564 2279 1606 2304 ac
1624 2268 1788 2304 mortifi-

999 2314 1153 2359 caverit,
1176 2314 1383 2360 gloriosam
1411 2315 1576 2361 prosecto
1598 2319 1635 2351 et
1656 2315 1785 2351 utilem

998 2361 1200 2408 perditioni
1228 2373 1304 2398 suae
1341 2362 1415 2397 vim
1453 2362 1554 2407 facit,
1591 2363 1786 2409 abnegans

998 2409 1191 2445 dumtaxat
1227 2409 1260 2445 ei
1290 2409 1586 2455 jucundissimas
1610 2410 1784 2446 volunta-

999 2460 1078 2492 tes:
1104 2469 1121 2490 »
1150 2457 1230 2492 haec
1247 2457 1451 2492 Abraham.
1470 2457 1686 2492 Secundum
1702 2459 1784 2492 Ber-

997 2503 1170 2548 nardum,
1196 2503 1349 2549 quidam
1380 2514 1540 2549 regnum
1582 2503 1648 2540 Dei
1682 2513 1782 2539 mer-

997 2554 1142 2594 cantur,
1179 2554 1220 2586 ut
1247 2550 1309 2596 qui
1332 2554 1505 2586 exercent
1526 2561 1642 2596 opera
1668 2550 1783 2587 mise-

995 2597 1183 2641 ricordiae,
1201 2597 1479 2644 eleemosynam
1495 2600 1531 2633 et
1549 2597 1780 2643 hujusmodi.

995 2643 1153 2688 Quidam
1185 2645 1370 2689 furantur,
1398 2644 1522 2690 utqui
1554 2644 1695 2680 faciunt
1716 2655 1783 2681 oc-

994 2692 1113 2728 cultas
1139 2691 1392 2738 poenitentias.
1428 2691 1586 2735 Quidam
1617 2692 1783 2737 compel-

992 2739 1123 2775 luntur
1149 2739 1306 2783 intrare,
1333 2741 1374 2774 ut
1396 2749 1582 2785 pauperes
1603 2749 1780 2775 necessa-

991 2785 1052 2831 rii,
1080 2796 1159 2822 non
1185 2785 1402 2822 voluntarii.
1423 2785 1581 2830 Quidam
1609 2786 1778 2842 rapiunt,
