1894 3186
0 78 7 154 a(:§.«
0 0 7 75 ’τι-Σ

0 318 8 382 i

406 197 460 232 ΠΕ
498 195 829 230 HAEMORRHOICA
865 196 917 229 ΕΤ

128 280 151 308 a
171 269 293 313 malis,
318 278 394 304 non
423 267 507 304 ideo
534 266 675 302 debent
694 266 869 302 desistere
891 278 913 303 a

130 318 230 354 bono
251 317 440 353 inchoato.

178 381 199 413 9
235 366 386 407 Demus,
425 373 541 398 conam
577 374 702 398 'rRlRUS
721 373 913 398 DISCIPULIS

130 424 272 449 TANTUM
302 422 462 447 PUELLAM
497 422 673 446 suseirAr.
708 430 749 435 ——
771 412 818 445 Ec
835 421 914 445 oum

131 461 243 506 eJ‘ecta
271 462 360 494 esset
380 459 500 502 turba,
531 459 672 493 scilicet
702 457 913 492 lamentan-

131 509 238 548 tium,
264 512 301 541 et
324 506 649 549 tumultuantium,
679 508 714 540 ct
741 505 914 539 deriden-

131 555 241 597 tium‚
270 554 331 598 qui
372 556 523 598 propter
556 551 857 587 incredulitatem
878 555 916 586 et

132 601 359 638 derisionem
393 611 468 635 non
505 603 612 634 erant
648 599 750 645 digni
785 599 913 633 videre

129 649 365 692 miraculum,
388 649 541 682 assumit
556 649 697 693 patrem
720 650 753 681 et
766 650 916 681 matrem

127 697 272 743 puellae,
294 707 387 741 quos
420 697 456 729 in
485 694 556 729 fide
582 695 793 729 confortare
814 698 915 728 tanto

131 744 312 778 miraculo
341 743 583 787 disponebat,-
606 745 640 777 et
660 752 730 776 non
750 742 917 786 permisit

132 792 272 826 intrare
305 801 422 825 secum
458 800 674 834 quemquam
695 789 822 832 alium,
846 790 920 823 m'si

131 838 275 874 Petrum
305 841 338 873 et
360 838 532 872 Jacobum
561 840 593 872 et
618 839 805 882 Jommem,
826 846 919 881 quos

132 886 345 930 specialiter
369 886 500 919 instrui
529 885 690 920 volebat.
714 885 786 919 Hos
819 884 917 918 enim

135 933 300 979 quinque
318 933 436 967 voluit
451 932 588 967 habere
607 936 719 967 testes
733 931 915 972 miraculi,

132 983 174 1015 ut
209 981 247 1016 in
288 991 351 1015 ore
391 980 551 1015 duorum
596 983 809 1023 parentum,
859 978 914 1013 vel

132 1027 246 1063 trium
266 1028 541 1072 Apostolomnn‚
569 1030 686 1061 staret
707 1036 818 1060 omne
840 1036 917 1060 vcr-

132 1074 236 1111 bum.
261 1076 298 1109 ln
321 1076 389 1109 lioc
411 1076 524 1109 etiam
543 1073 640 1108 facto
663 1074 826 1107 ostendit
847 1084 918 1107 no·-

136 1122 193 1157 bis
214 1123 406 1163 Dominus,
429 1122 515 1166 quia
536 1121 762 1165 blasphemis
782 1124 819 1155 et
838 1120 918 1154 irri-

134 1170 282 1204 soribus
303 1180 377 1203 non
394 1173 482 1204 sunt
502 1167 704 1203 revelanda
725 1168 916 1213 mysteria,

133 1216 197 1252 sed
218 1216 389 1251 fidelibus
415 1216 477 1261 qui
499 1217 685 1250 honorant
703 1225 759 1250 ea.
782 1215 839 1258 Et,
864 1226 918 1249 se-

135 1264 296 1299 cundum
331 1264 638 1308 chrysostomum,
662 1263 699 1296 in
726 1262 796 1296 hoc
817 1261 917 1307 quod

136 1311 249 1346 turba
269 1311 428 1356 ejicitur,
464 1315 500 1345 et
533 1308 705 1354 discipuli
728 1310 846 1344 solum
878 1309 917 1344 in

137 1358 289 1394 domum
313 1360 466 1401 intrant,
499 1362 535 1393 et
561 1368 682 1402 neque
711 1357 750 1392 hi
770 1367 915 1401 omnes,

137 1405 260 1441 erudit
277 1416 343 1440 nos
367 1406 539 1451 gloriam.
558 1415 642 1450 quae
661 1408 716 1439 est
737 1414 759 1439 a
774 1405 914 1449 multis,

139 1454 292 1489 evitare.
315 1454 419 1489 Unde
441 1456 477 1488 et
500 1453 717 1498 Theophilus
744 1464 754 1486 ε
780 1466 799 1484 «
819 1453 917 1486 Mor-

138 1504 241 1536 tuam
278 1500 461 1535 suscitans
497 1501 607 1545 ejecit
639 1510 784 1544 omnes,
814 1499 918 1544 quasi

140 1557 207 1582 nos
235 1548 372 1583 docens
396 1549 535 1592 absque
557 1547 660 1582 inani
686 1547 806 1591 gloria
824 1556 917 1591 esse,

141 1598 178 1630 et
204 1595 295 1630 nihil
317 1596 361 1629 ad
386 1595 750 1629 demonstrationem
769 1593 916 1638 facere;

138 1652 213 1677 non
232 1641 331 1676 enim
360 1642 509 1677 humilis
531 1642 698 1677 Christus
721 1642 767 1675 ad
795 1644 918 1675 osten-

137 1689 317 1724 tationem
350 1689 495 1724 volebat
533 1689 673 1734 aliquid
708 1688 867 1733 operari.
899 1700 917 1719 »

138 1736 342 1771 Praedictos
368 1740 493 1771 autem
514 1740 590 1771 tres
611 1735 811 1780 discipulos
835 1739 919 1769 tan-

142 1786 222 1818 tum
245 1784 414 1827 permisit
434 1784 613 1818 Dominus
645 1784 824 1817 interesse
845 1792 921 1816 sua)

140 1830 474 1875 transfigurationi,
498 1831 587 1866 item
614 1829 746 1875 agonis
764 1830 818 1864 sui
841 1839 922 1864 ora-

142 1877 251 1921 tioni,
271 1881 360 1912 item
381 1879 467 1913 huic
497 1877 731 1913 suscitationi
752 1889 762 1911 .-
784 1876 919 1921 primo,

141 1929 295 1970 propter
316 1936 402 1959 eoru
412 1936 445 1960 m
473 1925 694 1971 dignitatem
712 1937 720 1967 ς
741 1924 918 1968 secundo,

139 1976 294 2017 propter
312 1971 530 2017 signandam
557 1972 749 2007 Trinitatis
776 1971 887 2006 tidem
909 1982 917 2015 3

139 2017 264 2062 tertio,
290 2024 441 2064 propter
458 2020 607 2055 testium
628 2029 827 2054 numerum
848 2018 923 2053 suf-

140 2064 352 2109 ficientem;
387 2071 534 2111 quarto,
567 2069 719 2111 propter
753 2066 919 2100 omnium

141 2116 305 2148 statuum
342 2115 512 2149 Ecclesiae
544 2113 858 2159 significationem
886 2116 921 2147 et

142 2161 507 2197 commendationem
528 2176 536 2198 :
562 2171 628 2206 per
646 2162 797 2196 Petrum
819 2160 919 2195 enim

141 2207 205 2252 qui
224 2218 375 2243 uxorem
394 2210 537 2253 habuit,
559 2207 820 2254 significantur
838 2217 921 2242 con-

137 2253 280 2300 jugati;
318 2266 382 2300 per
414 2257 596 2292 Joannem
628 2256 690 2301 qui
709 2255 814 2300 virgo
837 2254 918 2298 fuit,

143 2301 335 2347 virgines;
361 2314 427 2348 per
446 2303 628 2340 Jacobum
667 2301 731 2348 qui
757 2302 922 2337 nescitur

144 2346 251 2394 virgo
269 2348 394 2394 fuisse,
415 2351 473 2386 vel
492 2360 644 2386 uxorem
662 2350 850 2392 habuisse,
871 2349 923 2383 vi-

146 2394 268 2430 dualis
288 2400 417 2433 status.
453 2399 603 2433 Patrem
632 2401 758 2432 autem
785 2400 821 2432 et
841 2406 921 2431 ma-

142 2444 240 2477 trem
261 2444 392 2487 puellae
413 2444 582 2489 permisit
599 2445 753 2488 intrare,
771 2447 925 2488 propter

144 2498 275 2524 eorum
301 2491 613 2527 testificationem.
633 2493 680 2527 Et
706 2494 827 2527 tenens
847 2501 924 2525 ma-

144 2545 232 2571 num
267 2540 411 2584 puellae,
434 2541 488 2575 ait
515 2540 575 2574 illi
598 2550 606 2575 :
632 2539 779 2575 Talitha
817 2539 926 2580 cumi,

148 2585 249 2628 quod
285 2589 337 2621 est
365 2588 643 2633 interpretatum
664 2599 675 2622 :
695 2586 836 2629 Puella,
859 2584 928 2620 tibi

150 2629 245 2678 dico,
284 2643 403 2677 surye.
442 2635 514 2669 Per
555 2636 696 2669 tactum
733 2637 770 2668 et
797 2641 928 2667 vocem

150 2685 234 2714 eam
257 2682 424 2725 curabat,
451 2685 490 2716 ut
509 2681 724 2716 ostenderet
739 2680 838 2726 quod
860 2679 926 2713 hu-

151 2726 314 2775 manitas
329 2731 426 2763 esset
441 2728 732 2763 instrumentum
753 2726 930 2762 divinita-

153 2772 201 2808 tls
237 2774 417 2810 miracula
450 2775 633 2811 facientis.
656 2775 773 2819 Unde,
796 2783 928 2809 secun-

152 2815 243 2856 dum
265 2820 566 2870 Ghrysostomum,
585 2833 717 2859 manus
733 2822 819 2858 Jesu
836 2820 930 2856 vivi-

955 194 1326 230 ARClllSYNAGOGI
1366 197 1496 232 FILIA.
1727 199 1765 233 31

993 266 1141 302 [icativa
1179 265 1337 302 existens
1386 272 1575 304 mortuum
1609 289 1612 293 Δ
1634 280 1769 314 corpus

990 314 1171 356 viviticat;
1192 324 1258 348 vox
1273 318 1397 349 autem
1413 316 1600 359 jacentem
1617 318 1768 355 excitat.

988 364 1035 397 Et
1057 361 1246 403 confestim
1280 365 1443 397 surremit
1474 365 1610 408 puello,
1632 368 1664 399 et
1690 376 1769 400 am-

991 409 1169 444 bulabat:
1201 408 1288 453 quia
1318 409 1420 444 nulla
1443 420 1544 445 mora
1578 412 1672 446 inter
1692 423 1771 448 ver-

992 457 1079 491 luun
1101 456 1180 501 ejus
1199 459 1236 490 et
1256 455 1394 491 factum
1416 461 1507 493 erat.
1533 459 1596 493 Ulii
1617 460 1770 503 Chryso-

991 507 1129 539 stomus
1159 515 1169 538 .-
1202 517 1218 534 «
1251 504 1292 538 In
1311 504 1564 539 ambulatione
1589 507 1668 549 ejus
1699 517 1773 542 non

992 551 1111 586 solum
1128 550 1320 595 suscitata,
1340 551 1403 586 sed
1426 554 1462 586 et
1484 553 1644 595 perlecto
1667 564 1775 589 sana-

993 603 1028 634 ta
1068 597 1290 634 ostenditur.
1332 611 1349 632 ))
1389 600 1436 633 Ec
1468 599 1583 642 jussit
1615 601 1673 633 illi·
1690 601 1774 636 «lari

992 646 1226 690 mcmdmare,
1253 645 1299 680 ad
1321 645 1653 681 demonstraurluin
1677 648 1775 692 quod

992 704 1076 728 eum
1092 704 1177 728 vere
1193 693 1442 738 suscitavit,ct
1461 698 1499 728 ut
1520 704 1589 727 non
1609 693 1776 730 vidi-atur

994 742 1216 786 phantasma
1232 752 1324 783 esse,
1354 741 1450 786 quod
1478 741 1615 775 factum
1637 746 1705 776 est.

1046 803 1086 823 10
1107 789 1195 830 Quin
1209 799 1243 822 ix
1259 799 1368 823 513st
1384 799 1529 822 MYsTioo
1542 800 1675 823 prumia
1692 800 1778 825 MOR-

995 847 1077 878 TUA,
1091 847 1277 879 TisslClNES,
1288 847 1403 871 TURBA
1414 847 1661 879 TUMtTLTUANs,
1677 848 1779 872 pisct-

998 894 1150 922 PULIQUE
1190 895 1298 918 HCJUS
1336 895 1503 918 MIRACULI
1539 885 1694 918 Tlis'l'sss'?
1733 904 1778 910 -

998 932 1160 975 Mystico,
1186 930 1310 976 puella
1330 930 1369 966 in
1392 931 1502 966 domo
1528 934 1692 975 mortua,
1725 934 1780 967 est

998 978 1125 1013 anima
1151 983 1299 1013 mortua
1336 989 1401 1023 per
1424 984 1615 1023 peecatum
1650 980 1687 1013 in
1716 989 1780 1013 co-

998 1026 1193 1070 gitatione.
1216 1026 1312 1060 Dicit
1329 1030 1455 1061 autem
1474 1025 1665 1067 Dominus,
1680 1026 1780 1070 qiiod

998 1074 1121 1116 puella
1158 1072 1310 1117 dormit,
1344 1074 1431 1118 quia
1464 1073 1525 1117 qui
1566 1078 1720 1116 peccant
1742 1072 1781 1107 in

997 1119 1184 1163 1›raesenti‚
1205 1121 1327 1155 adhue
1355 1131 1419 1165 per
1443 1119 1700 1164 poenitentizim
1725 1130 1781 1154 re-

995 1168 1168 1202 suscitari
1192 1172 1356 1212 possunt.
1385 1166 1570 1201 Tibicines
1597 1172 1682 1200 sunt
1704 1167 1782 1202 dae-

998 1224 1125 1249 mones
1144 1219 1402 1259 suggerentes,
1424 1213 1478 1248 vel
1502 1214 1670 1248 homines
1691 1214 1782 1249 adu-

995 1260 1146 1306 latores,
1170 1261 1371 1306 quifovent
1386 1265 1586 1305 mortuam,
1605 1265 1641 1295 et
1655 1265 1784 1296 tenent

996 1308 1056 1345 liic
1076 1319 1211 1353 corpus
1230 1310 1267 1344 in
1291 1310 1415 1345 carnis
1436 1309 1599 1343 laescivia
1632 1312 1669 1343 et
1688 1308 1783 1344 sola-

994 1357 1069 1401 tiis,
1094 1368 1177 1401 quse
1200 1357 1357 1392 faciliter
1378 1357 1630 1391 terminantur
1652 1356 1698 1390 ad
1728 1356 1784 1391 lu-

996 1408 1097 1439 ctum
1118 1403 1254 1439 inferni
1284 1408 1320 1440 et
1349 1403 1601 1439 desolationis.
1626 1403 1696 1439 Sed
1720 1413 1786 1438 nos

997 1453 1044 1487 ad
1059 1452 1219 1496 patriam
1238 1452 1452 1495 tendentes,
1470 1451 1682 1486 mortiferos
1698 1452 1787 1486 sire-

998 1510 1135 1535 narum
1173 1503 1305 1534 cantus
1339 1500 1460 1534 surda
1498 1509 1588 1534 aure
1627 1504 1785 1543 praeter-

999 1557 1143 1581 eamus.
1170 1547 1274 1582 Unde
1310 1547 1456 1592 Ulysses
1492 1545 1582 1580 fecit
1602 1557 1641 1581 se
1680 1545 1787 1590 ligari

1000 1595 1037 1628 in
1061 1594 1160 1628 malo
1182 1594 1300 1637 navis,
1323 1597 1359 1628 et
1387 1604 1496 1628 aures
1523 1604 1608 1627 suas
1630 1594 1785 1628 obtura-

999 1641 1063 1683 vit,
1087 1652 1133 1675 ne
1166 1641 1344 1685 deceptus
1375 1641 1584 1675 sirenarum
1615 1639 1787 1675 cantibus

1000 1689 1036 1722 in
1060 1698 1161 1723 mare
1179 1689 1346 1722 saltaret.
1367 1688 1499 1722 Turbae
1519 1689 1788 1722 tumultuantes

1000 1739 1088 1770 sunt
1113 1734 1343 1779 affectiones,
1367 1735 1425 1770 vel
1455 1735 1565 1770 amici
1596 1734 1785 1779 carnales;

1000 1782 1185 1817 derisores
1215 1785 1302 1817 sunt
1329 1782 1527 1825 seculares,
1568 1782 1623 1816 vel
1668 1782 1789 1817 detra-

1001 1832 1136 1866 ctores.
1159 1829 1283 1864 Turba
1316 1840 1405 1876 ergo
1439 1828 1532 1864 foris
1566 1829 1726 1874 ejicitur,
1750 1833 1790 1864 ut

1001 1877 1123 1922 puella
1161 1877 1386 1921 suscitetur,
1418 1875 1505 1922 quia
1535 1877 1661 1911 anima
1691 1877 1789 1912 intus

998 1926 1130 1970 Jacens
1150 1927 1297 1960 mortua
1316 1934 1392 1959 non
1413 1924 1591 1969 resurgit,
1611 1923 1790 1968 nisiprius

1001 1971 1223 2007 affectiones
1242 1972 1413 2007 carnales
1431 1975 1467 2007 et
1485 1982 1585 2007 curae
1602 1972 1790 2006 seculares

1004 2020 1049 2054 de
1072 2019 1184 2055 corde
1207 2019 1440 2065 expellantur
1461 2031 1469 2055 :
1493 2020 1574 2054 liaec
1594 2020 1693 2054 enim
1719 2020 1788 2054 im-

1004 2066 1172 2111 pediunt,
1193 2077 1241 2102 ne
1270 2067 1352 2112 quis
1378 2067 1424 2102 ad
1448 2067 1790 2103 considerationem

1004 2124 1080 2148 suae
1101 2113 1231 2149 salutis
1252 2124 1292 2149 se
1311 2114 1475 2159 colligat.
1499 2115 1687 2149 Tibicines
1703 2112 1789 2160 ejici

1005 2161 1156 2205 debent,
1182 2161 1244 2206 qui
1262 2164 1455 2206 tamquam
1478 2162 1647 2206 magistri
1667 2162 1705 2196 in
1727 2171 1787 2196 er-

1004 2217 1130 2242 rorem
1158 2207 1322 2243 animam
1346 2208 1572 2243 demulcent.
1598 2208 1789 2243 Derisores

1004 2264 1153 2299 quoque
1183 2255 1358 2300 ejiciendi
1389 2258 1490 2299 sunt,
1512 2256 1600 2301 quia
1619 2259 1788 2290 contem-

1004 2301 1119 2336 nendi
1137 2304 1173 2337 et
1194 2301 1349 2339 minime
1364 2302 1534 2338 curandi.
1553 2304 1597 2337 Et
1616 2305 1704 2337 tunc
1722 2313 1789 2347 pu-

1001 2348 1073 2383 ella
1091 2348 1302 2394 suscitatur,
1320 2351 1470 2395 quando
1495 2350 1647 2385 domum
1664 2350 1787 2385 cordis

1001 2394 1169 2431 Christus
1181 2396 1391 2443 ingreditur
1403 2398 1540 2432 ducens
1549 2407 1674 2432 secum
1684 2397 1789 2431 Joan·

1002 2442 1139 2478 nemid
1160 2446 1230 2490 est,
1246 2446 1421 2488 qratiam,
1433 2446 1582 2480 Petrum
1595 2443 1632 2479 id
1644 2447 1699 2479 est
1714 2453 1788 2487 009-

1003 2492 1196 2537 uitionem3
1224 2494 1260 2526 et
1276 2492 1455 2527 Jacobum
1480 2491 1596 2533 idest,
1615 2492 1789 2536 supplan-

1005 2538 1180 2573 tationem
1201 2539 1393 2575 vitiorum.
1418 2539 1486 2581 Qui
1505 2549 1592 2573 vero
1605 2549 1626 2573 a
1641 2539 1789 2582 spiritu-

1005 2583 1055 2619 ali
1069 2588 1206 2630 morte,
1219 2585 1363 2621 scilicet
1380 2597 1401 2621 a
1418 2585 1789 2630 vitiis‚resuscitatus

1006 2630 1135 2677 fuerit,
1155 2633 1396 2669 non-soluma
1413 2633 1586 2669 sordibus
1605 2632 1788 2667 scelerum

1006 2689 1220 2725 exsurgere,
1244 2681 1311 2716 sed
1342 2681 1455 2716 etiam
1473 2681 1510 2715 in
1530 2679 1636 2715 bonis
1655 2679 1787 2714 ambu-

1006 2725 1083 2761 lare
1110 2729 1148 2762 et
1168 2727 1349 2773 proficere
1370 2727 1499 2771 debet3
1535 2730 1572 2762 et
1603 2736 1688 2761 mox
1715 2735 1787 2760 coe·

1006 2772 1090 2808 lesti
1107 2784 1217 2820 pane,
1243 2775 1387 2811 scilicet
1407 2775 1520 2810 verbo
1546 2774 1625 2818 Dei,
1659 2775 1695 2807 et
1727 2781 1787 2807 sa-

1009 2824 1204 2858 cramento
1222 2822 1349 2859 altaris
1379 2822 1506 2858 satiari
1542 2829 1692 2855 necesse
1720 2818 1787 2854 ha-
