1894 3186
186 197 246 229 ‘228
661 200 804 234 PRIMAE
841 201 996 237 PARTIS
1036 205 1171 238 CAPUT
1210 206 1330 239 LXXV

186 265 380 306 dzeorum,
418 268 620 312 eoecellens,
659 267 697 304 id
740 271 797 304 est
847 270 957 306 eorde
988 284 990 312 ᾗ

184 312 320 348 tollens
349 323 392 347 ac
419 317 633 351 constanter
667 318 702 351 et
734 316 806 352 alte
834 318 957 362 prot'e-
987 314 989 355 i

184 369 269 395 rens
291 370 408 395 vocem
434 360 471 396 in
498 362 633 398 Christi
667 364 957 399 commendatio-
987 361 988 411 ]

182 416 283 450 nem,
321 410 357 443 et
375 408 589 446 Judaeorum
616 410 957 456 blasphemantium
986 443 988 446 ,

184 454 491 500 confutationem,
523 458 686 501 quaedam
719 459 850 493 mulier
880 469 956 494 non

181 499 297 545 dives,
326 513 403 538 non
429 507 574 549 potens,
603 515 679 540 non
715 505 863 548 nobilis,
891 505 956 541 sed
985 518 987 522 ³

180 557 336 594 pauper,
362 551 406 585 de
426 551 534 586 turba
552 554 588 587 et
609 552 655 587 de
673 552 860 587 communi
879 552 955 597 ple-

178 595 238 638 be,
256 599 291 631 et
311 597 554 643 popularibus
578 609 586 634 ε
616 598 735 634 solent
762 598 859 634 enim
892 609 955 644 po-

177 642 327 688 pulares
364 644 574 681 devotiores
614 656 695 681 esse
730 645 951 691 maJ'oribus,

177 689 349 736 prorupit
386 691 425 727 in
462 691 610 727 laudem
645 691 782 728 Christi
824 696 954 729 contra

176 735 402 783 vituperium
446 739 678 775 Judaeorum.
730 740 774 774 Et
814 739 952 776 dicitur

176 783 291 820 fuisse
314 788 445 821 sancta
471 786 646 822 Marcella
673 786 809 822 ancilla
831 787 951 823 beatae

176 831 346 876 Martbae,
392 843 476 878 quae
516 843 591 869 non
629 833 750 878 potuit
790 834 951 879 amplius

174 877 428 924 blasphemias
449 880 664 916 Judaeorum
689 882 820 916 contra
845 882 950 917 Chri-

173 927 271 960 stum
292 926 492 972 sustinere,
511 930 547 962 et
567 930 698 962 contra
709 928 949 974 blasphemos

176 982 302 1008 vocem
338 973 467 1009 extulit
503 973 539 1009 in
576 974 725 1010 laudem
757 975 893 1011 Christi
913 978 950 1012 et

174 1019 302 1055 Matris
336 1031 426 1065 suae,
462 1022 728 1057 commendans
750 1023 829 1068 ejus
863 1034 948 1059 eon-

174 1069 337 1112 ceptum,
361 1071 397 1104 et
417 1071 564 1114 partum
585 1069 840 1115 corporalem3
862 1069 947 1106 ideo

172 1114 270 1149 dimit
291 1114 352 1150 illi
384 1128 394 1150 :
424 1118 556 1151 Beatus
586 1119 641 1151 est
666 1120 799 1161 venter,
830 1119 948 1162 quite

172 1161 322 1197 beatum
357 1165 528 1208 portavit,
566 1174 634 1209 per
670 1174 779 1210 quem
817 1175 947 1200 omnes

170 1208 452 1254 beatificamur3
489 1214 521 1245 et
557 1211 668 1246 beata
704 1214 788 1247 sunt
819 1212 943 1254 ubera,

171 1266 249 1299 quae
285 1258 443 1292 suoez'sti.
484 1259 639 1293 Matrem
682 1258 871 1294 beatificat
909 1262 946 1294 et

171 1302 299 1338 laudat
328 1314 370 1339 ex
404 1304 509 1349 Filio,
535 1308 571 1340 et
592 1316 666 1340 non
688 1315 706 1340 e
734 1316 911 1341 converso
934 1317 942 1350 ;

170 1349 258 1395 quia
275 1350 395 1395 gratia
415 1354 451 1386 et
477 1351 596 1397 gloria
616 1352 786 1397 provenit
807 1353 944 1398 princi-

169 1396 304 1442 paliter
324 1397 486 1444 abipso.
515 1399 582 1434 Ubi
618 1402 772 1445 apparet
808 1410 945 1445 magna

169 1444 412 1489 confidentia,
444 1448 481 1481 et
515 1445 686 1489 audacia,
715 1449 751 1481 et
782 1446 875 1482 fides
908 1450 944 1482 et

169 1490 316 1527 devotio
330 1490 437 1527 istius
451 1491 616 1527 mulieris
628 1492 665 1527 in
682 1493 826 1529 duobus
842 1493 942 1528 scili-

169 1541 227 1574 cet
255 1549 263 1574 :
292 1538 425 1583 primo,
447 1538 486 1574 in
507 1550 550 1575 eo
573 1540 671 1585 quod
694 1550 769 1575 non
791 1540 945 1577 silenter

169 1588 206 1621 et
232 1585 271 1621 in
297 1596 385 1621 aure
421 1587 655 1632 loquebatur,
677 1587 742 1622 sed
763 1588 942 1624 extollens

169 1643 299 1668 vocem
320 1632 359 1668 in
378 1633 493 1669 altum
508 1644 581 1669 non
601 1633 736 1677 timuit,
757 1634 941 1671 suavitate

168 1679 268 1715 enim
289 1681 488 1716 verborum
511 1680 647 1716 Christi
669 1691 828 1717 accensa
847 1683 939 1726 t'uit;

169 1727 346 1770 secundo,
369 1727 408 1763 in
430 1738 473 1763 eo
496 1728 608 1773 quod,
627 1728 765 1764 Scribis
787 1732 822 1764 et
844 1730 940 1765 Pha-

169 1775 289 1810 risaeis
329 1774 528 1810 Dominum
560 1775 790 1811 tentantibus
829 1775 939 1811 simul

168 1824 205 1856 et
234 1822 594 1866 blasphemantibus,
620 1822 698 1867 ipse
725 1832 862 1868 magna
894 1824 938 1858 fi-

168 1868 292 1913 ducia,
323 1868 388 1904 Dei
417 1868 550 1904 Filium
587 1869 800 1913 confitetur,
834 1875 874 1905 ut
903 1873 939 1906 et

166 1915 409 1962 praesentium
445 1916 662 1951 Judaeorum
691 1916 932 1963 calumniam,

168 1965 205 1998 et
224 1963 433 1998 futurorum
454 1962 714 1999 haeretieorum
741 1964 936 2009 pertidiam

168 2010 384 2046 confundat.
431 2011 523 2045 Nam
563 2010 657 2046 sicut
696 2014 782 2046 tune
817 2011 935 2047 Judaei

166 2057 482 2103 blasphemantes,
507 2060 543 2093 et
569 2068 653 2093 eum
674 2057 709 2092 in
732 2058 935 2094 Beelzebub

167 2104 302 2150 ejicere
333 2105 520 2140 daemonia
541 2105 720 2145 dicentes,
750 2107 937 2151 negabant

167 2162 251 2187 eum
276 2163 354 2188 esse
376 2151 440 2187 Dei
462 2151 617 2196 Filium3
641 2152 691 2187 ita
709 2156 837 2197 postea
857 2153 936 2198 qui-

166 2199 253 2234 dam
271 2198 436 2234 haeretici
457 2200 645 2244 negabunt
661 2210 744 2234 eum
766 2210 846 2235 esse
871 2211 933 2235 ve-

166 2256 248 2281 rum
285 2247 490 2290 hominem,
532 2246 698 2281 dicentes
732 2257 817 2281 eum
857 2257 933 2282 non

165 2303 292 2328 veram
314 2303 464 2328 carnem
487 2304 529 2328 cx
550 2293 664 2328 Maria
692 2292 842 2338 Virgine
872 2305 931 2329 as-

164 2339 381 2385 sumpsisse,
410 2340 473 2375 sed
498 2351 631 2385 corpus
651 2341 855 2376 [ethereum
876 2344 931 2375 at—

164 2387 306 2422 tulisse.
336 2388 420 2421 Haec
446 2390 569 2422 autem
599 2387 730 2422 mulier
756 2391 932 2432 utrosque

164 2434 341 2475 confutat,
363 2433 449 2479 quia
470 2437 506 2468 et
538 2444 666 2469 verum
698 2433 762 2469 Dei
798 2433 930 2469 Filium

163 2481 265 2516 Patri
284 2480 638 2516 consubstantialem
659 2481 837 2516 adversus
856 2481 933 2516 bla-

163 2529 401 2573 sphemantes
431 2528 641 2571 confitetur,
670 2538 751 2562 cum
775 2529 930 2563 Matrem

162 2586 204 2610 ex
226 2574 316 2610 Filio
341 2578 531 2619 tamquam
566 2574 761 2619 principio,
784 2574 929 2610 ratione

160 2620 364 2657 divinitatis
395 2621 606 2664 beatificat;
643 2624 680 2655 et
701 2632 828 2656 verum
853 2632 928 2657 non

158 2668 349 2714 phantasti
371 2678 453 2703 cum
481 2667 640 2703 hominis
666 2667 797 2702 Filium
819 2668 926 2704 Matri

158 2714 925 2759 consubstantialemtestatur,cumventre

155 2766 359 2809 portatum,
381 2761 631 2807 uberibusque
659 2761 836 2797 laetatum
870 2761 923 2798 si-

154 2809 322 2856 gnificat.
351 2808 599 2857 Spiritualiter
612 2811 736 2846 autem
750 2807 821 2845 ista
841 2818 922 2846 mu-

1034 273 1103 325 lier
1123 278 1291 312 sanctam
1324 277 1527 316 Ecclesiam
1560 280 1694 327 signat,
1718 294 1801 329 qua)

1032 324 1130 356 inter
1150 323 1277 359 turbas
1302 325 1531 371 Judaeorum,
1553 338 1800 377 paganorum,

1033 371 1068 402 et
1086 369 1350 407 haereticorum
1383 374 1535 410 credula
1562 386 1651 412 vnce
1674 378 1799 414 Domi-

1030 426 1119 468 num
1139 418 1263 454 Jesum
1284 419 1470 456 Christum
1492 423 1716 469 eontitetur3
1741 436 1802 461 cu-

1026 473 1089 508 Jus
1107 474 1237 501 revera
1250 477 1337 503 voce
1358 471 1486 504 venter
1498 470 1623 506 Mariae
1642 471 1803 518 Virginis

1028 510 1160 547 beatus
1182 513 1419 559 praedicatur,
1442 516 1503 561 qni
1526 517 1639 553 totius
1670 520 1802 555 mundi

1029 557 1317 609 Redemptorem
1344 567 1494 608 portare
1530 564 1678 610 meruit,
1707 566 1802 603 sicut

1027 614 1109 650 ipsa
1138 606 1183 642 de
1216 618 1254 643 se
1282 608 1333 644 ait
1367 612 1455 645 :Eoe
1486 612 1549 647 hoc
1587 613 1727 649 beatam
1747 624 1802 650 me

1028 653 1147 688 dicent
1165 664 1283 690 omnes
1301 659 1559 700 qeneratienes.
1588 659 1655 695 Ubi
1674 661 1773 696 Beda
1789 673 1797 698 ε

1028 711 1045 731 «
1068 701 1110 735 Et
1122 711 1189 736 nos
1208 701 1321 747 igitur
1336 704 1558 741 extollamus
1571 717 1699 742 vocem
1714 719 1798 744 cum

1026 747 1192 784 Ecclesia
1216 750 1412 794 catholica,
1438 753 1542 797 euJus
1564 753 1644 788 haec
1663 755 1798 791 mulier

1025 796 1153 840 typum
1176 795 1310 841 gessit;
1336 797 1556 835 extollamus
1575 803 1610 836 et
1631 805 1796 838 mentem

1025 841 1070 877 de
1092 843 1213 878 medio
1234 844 1441 892 turbarum,
1462 845 1703 894 dicamusque
1723 849 1799 885 Sal-

1023 889 1143 924 vatori
1173 903 1182 926 :
1211 892 1342 926 Beatus
1368 896 1489 928 venter
1516 896 1580 939 qui
1615 898 1648 931 te
1671 899 1796 941 porta-

1023 937 1094 980 vit3
1117 939 1151 972 et
1166 938 1275 972 ubera
1294 949 1372 984 quae
1385 942 1532 976 suoez'sti.
1553 943 1676 978 »Vere
1694 943 1795 980 enim

1024 982 1134 1020 beata
1149 995 1302 1032 parenS,
1325 996 1406 1032 quae
1427 986 1522 1024 sicut
1542 989 1694 1035 quidam
1716 990 1792 1027 ait:

1120 1085 1128 1094 .
1160 1085 1168 1095 .
1198 1085 1206 1094 .
1238 1087 1246 1095 .
1273 1062 1397 1096 Eniaea
1436 1072 1616 1109 puerpera
1650 1066 1793 1110 lienem,

1069 1105 1139 1149 Qui
1164 1107 1287 1143 eoelum
1309 1112 1513 1154 terramque
1538 1113 1631 1156 reyit
1651 1122 1715 1157 per
1738 1123 1796 1147 se-

1563 1158 1673 1204 [eula,
1693 1159 1796 1204 qu'us

1066 1202 1202 1239 Nomen
1224 1201 1269 1237 ab
1290 1206 1434 1248 aeterno,
1459 1207 1692 1251 complectens
1718 1217 1794 1242 om-

1590 1253 1665 1299 [nia
1685 1264 1792 1300 (syro,

1065 1296 1259 1342 Imperium
1275 1298 1352 1334 sine
1370 1300 1439 1345 fine
1456 1303 1595 1343 ma7zet3
1618 1311 1695 1345 quse
1708 1312 1792 1337 ven-

1592 1347 1658 1393 [tre
1677 1349 1791 1393 beato,

1067 1390 1211 1427 Gaudia
1226 1395 1356 1430 matris
1374 1394 1520 1439 habens,
1541 1405 1619 1429 cum
1633 1396 1791 1442 virgini-

1525 1442 1626 1488 [tutis
1647 1443 1790 1488 honore,

1064 1488 1135 1525 Nec
1156 1489 1317 1533 primam
1342 1490 1496 1524 similem
1526 1491 1605 1524 visa
1631 1493 1694 1533 est,
1728 1501 1791 1526 nec

1409 1536 1551 1581 [habere
1568 1540 1784 1581 sequentem.

1067 1594 1083 1616 2
1117 1582 1320 1619 BEATiTuno
1359 1594 1491 1627 EORUM,
1530 1594 1589 1623 Qui
1631 1595 1786 1621 Aenum}=

1016 1637 1156 1664 VERBUM
1183 1632 1262 1671 Dm,
1292 1641 1333 1665 ET
1359 1641 1575 1666 CUSTODIUNT
1599 1641 1715 1666 1LLuD.
1744 1651 1790 1657 —

1015 1675 1065 1710 At
1096 1678 1171 1721 ille,
1211 1676 1349 1712 scilicet
1388 1679 1496 1713 Jesus
1530 1678 1788 1714 confirmando

1014 1723 1168 1759 verbum
1206 1724 1387 1765 mulieris,
1416 1728 1453 1760 et
1493 1725 1788 1762 commendando

1013 1769 1161 1805 laudem
1187 1771 1328 1813 Matris,
1357 1783 1399 1807 ae
1422 1772 1536 1807 fidem
1555 1775 1591 1807 et
1617 1777 1788 1808 constan-

1013 1816 1103 1852 tiam
1141 1819 1307 1863 ejusdem
1342 1818 1530 1863 mulieris,
1553 1819 1786 1865 aliorumque

1014 1864 1205 1910 similium,
1226 1866 1324 1900 dimit
1348 1877 1356 1901 ζ
1389 1867 1570 1910 Quinimo,
1592 1867 1686 1901 beati
1719 1868 1786 1912 qui

1013 1912 1170 1948 suediam
1204 1913 1350 1947 verbum
1400 1915 1466 1948 Dei
1504 1917 1536 1949 et
1575 1914 1785 1949 custodiunt

1012 1960 1120 1994 illud.
1146 1962 1214 1995 Per
1238 1960 1335 2005 quod
1359 1959 1518 2005 signavit
1538 1961 1685 1996 beatam
1706 1961 1785 1996 Vir-

1014 2005 1136 2043 0ine1n
1159 2017 1197 2042 se
1219 2006 1435 2053 concepisse
1461 2007 1617 2051 felicius,
1644 2018 1711 2053 per
1737 2008 1780 2043 fi-

1012 2033 1095 2089 dem
1112 2058 1146 2089 et
1157 2053 1391 2090 devotionem
1401 2054 1656 2100 spiritualiter,
1668 2065 1781 2100 quam

1012 2101 1268 2147 corporaliter.
1288 2102 1341 2137 Ac
1363 2100 1390 2136 si
1413 2101 1510 2136 dieat
1524 2113 1531 2136 :
1547 2103 1657 2138 Juxta
1677 2105 1780 2138 tuam

1010 2149 1233 2184 sententiam
1282 2147 1538 2193 principaliter
1578 2149 1688 2184 beata
1724 2152 1781 2184 est

1008 2194 1071 2230 illa
1092 2196 1197 2241 cujus
1233 2198 1363 2230 venter
1397 2205 1456 2230 me
1487 2194 1671 2240 portavit;
1713 2195 1778 2231 sed

1008 2252 1083 2277 non
1105 2243 1223 2277 solum
1245 2241 1326 2287 ipsa
1345 2242 1454 2277 beata
1474 2244 1542 2285 est,
1564 2241 1638 2277 imo
1663 2242 1775 2278 etiam

1007 2299 1135 2324 omnes
1162 2292 1246 2325 sunt
1272 2288 1369 2324 beati
1392 2288 1429 2322 in
1456 2299 1533 2334 spe,
1561 2292 1597 2324 et
1624 2289 1774 2325 tandem

1006 2336 1043 2371 in
1081 2336 1202 2372 futuro
1240 2335 1335 2371 beati
1372 2335 1407 2370 in
1442 2346 1495 2379 re,
1530 2335 1591 2381 qui
1622 2336 1777 2371 audiunt

1008 2384 1157 2418 verbum
1172 2382 1248 2425 Dei,
1264 2382 1373 2417 corde
1385 2383 1588 2426 credentes,
1604 2386 1639 2418 et
1654 2386 1776 2418 custo-

1005 2431 1109 2465 diunt
1122 2430 1224 2473 illud,
1240 2429 1379 2465 scilicet
1391 2440 1501 2474 opere
1514 2429 1774 2475 adimplentes.

1006 2479 1119 2512 Beata
1141 2476 1291 2522 quidem
1313 2480 1347 2511 et
1371 2477 1454 2511 t'elix
1474 2479 1529 2511 est
1545 2478 1662 2511 Mater
1677 2487 1774 2522 mea,

1005 2535 1086 2569 quae
1108 2535 1167 2559 me
1187 2522 1347 2569 portavit
1368 2526 1404 2558 et
1422 2523 1590 2568 lactavit3
1611 2523 1675 2558 sed
1699 2534 1777 2559 ma-

1003 2571 1059 2615 gis
1080 2571 1163 2606 ideo
1188 2570 1273 2605 felix
1294 2574 1404 2615 atque
1431 2571 1554 2614 beata,
1575 2571 1662 2615 quia
1688 2581 1770 2605 ver-

1002 2619 1089 2653 bum
1111 2617 1175 2653 Dei
1208 2616 1361 2660 audivit,
1384 2617 1570 2652 audiendo
1595 2616 1768 2661 credidit,

1001 2665 1187 2701 credendo
1218 2663 1416 2699 custodivit
1437 2676 1444 2699 :
1468 2665 1538 2699 hoc
1558 2663 1658 2699 enim
1696 2663 1770 2699 nisi

998 2712 1231 2755 fecisset,nec
1249 2710 1346 2752 felix,
1359 2721 1427 2746 nec
1448 2712 1565 2746 Mater
1585 2721 1668 2746 mea
1685 2721 1766 2746 esse

995 2758 1297 2805 potuisset.Unde
1314 2757 1502 2793 Elisabeth
1522 2757 1660 2793 adeam
1679 2758 1732 2793 ait
1755 2767 1764 2793 ε

993 2808 1106 2844 Beata
1117 2815 1194 2852 quae
1201 2805 1399 2852 credidisti,
1406 2806 1576 2851 quoniam
1580 2805 1766 2851 perficien-
