1894 3186
150 154 191 187 76
657 158 802 193 PRIMAE
838 159 998 194 PARTIS
1035 160 1170 194 CAPUT
1208 161 1278 195 LVI

156 226 243 260 dens
268 226 383 266 Jesu3‚
420 225 560 263 scilicet
591 228 716 265 verbis
750 233 786 266 et
819 230 939 275 sactis,

153 369 187 401 et
217 367 366 402 vidistis
397 370 689 413 praesentialiter
718 372 767 407 ad
795 383 939 418 praece-

156 464 193 496 et
219 471 284 496 vos
308 461 354 497 de
380 472 437 498 me
462 464 718 501 certificemini
755 477 822 512 per
855 477 940 502 eum

154 507 281 554 potiffi
300 519 411 554 quam
431 509 509 555 ipse
525 524 535 545 .·
552 512 623 555 vel,
639 516 846 548 renuntiate
861 525 941 559 quae

154 601 193 638 in
223 602 488 639 miraculorum
523 606 756 651 operatione.
794 607 938 643 Videtis

154 659 229 689 me,
242 650 434 695 agnoscite
451 662 508 687 me
523 664 531 695 ;
547 652 678 689 videtis
692 655 802 698 l'acta,
819 665 939 699 agno-

153 696 245 732 scite
267 698 459 733 l'actorem.
481 700 606 735 Cret-os
630 700 813 744 illumino,
837 712 938 737 mor-

154 746 240 779 tuos
261 745 412 789 suscito,
434 756 618 791 pauperes
645 750 689 783 ad
713 748 826 783 tidem
848 759 938 784 con-

154 795 274 833 verto,
304 796 339 826 et
368 797 491 828 cetera
519 794 613 829 t'acio
636 805 717 840 quae
741 805 798 830 me
822 798 940 831 lactu·
976 811 977 816 ¹

156 848 238 873 rum
255 840 448 883 Prophetce
470 840 556 875 olim
581 845 937 888 nuntiaverunt.Ip-
976 873 977 876 ,

156 895 196 919 sa
218 896 339 929 opera,
365 897 446 927 (μαι)
472 898 533 930 ego
554 890 666 930 facio,
693 891 939 925 testimonium

153 933 346 977 perhibent
367 934 410 967 (le
430 944 506 975 me,·
536 935 635 970 unde
655 947 662 970 :
693 938 735 971 Si
760 938 852 971 mihi
869 948 940 972 non

156 979 269 1013 vultis
299 982 452 1023 credere,
481 983 649 1026 oprribtcs
674 985 819 1019 credite.
843 985 938 1020 Con-

157 1025 251 1061 ferte
273 1037 386 1071 opera
414 1038 496 1073 quze
519 1028 555 1063 in
579 1040 638 1065 me
670 1030 825 1070 vidistis,
851 1041 938 1066 cum

158 1073 430 1118 Propbctarum
467 1076 628 1112 oraculis
660 1088 745 1123 quse
776 1078 933 1123 legistis,

158 1122 199 1155 ut
221 1124 257 1155 et
277 1132 334 1155 me
356 1121 458 1157 illum
484 1124 528 1158 de
551 1134 623 1168 quo
653 1125 827 1160 dixerunt
855 1136 938 1161 esse
977 1138 979 1144 ⁴

157 1168 406 1212 cognoscatis.
435 1171 526 1204 t‘aeci
547 1172 683 1212 vident,
714 1176 753 1207 ut
779 1172 938 1218 implea-

157 1217 220 1249 tur
256 1214 346 1250 illud
374 1218 632 1261 propheticum
659 1230 666 1254 :
690 1221 787 1255 Tunc
820 1222 939 1265 aperi-

160 1264 266 1296 entur
286 1265 380 1297 oculi
401 1275 585 1300 Clecmrum.
608 1286 651 1291 —
668 1268 800 1302 Claudi
816 1269 938 1302 ambu-

159 1309 250 1348 lant,
275 1313 311 1344 ut
338 1311 538 1356 impleatur
562 1312 653 1348 illud
675 1325 682 1348 :
709 1316 806 1349 Tunc
830 1316 938 1350 saliet

156 1357 250 1390 sicut
263 1367 401 1395 (ferrus.
421 1360 585 1394 claudus.
610 1381 653 1385 ——
670 1362 819 1406 Leprosi
836 1373 938 1396 mun-

159 1403 307 1444 dantur,
322 1408 356 1440 ut
375 1404 574 1450 impleatur
591 1407 679 1441 illud
696 1423 702 1443 z
726 1410 937 1451 erquores

157 1454 298 1484 nostros
319 1453 396 1495 ipse
416 1455 515 1491 tulit,
546 1464 649 1494 culm
674 1456 786 1489 lit-ore
811 1458 936 1490 sanati

157 1507 294 1531 sumus.
318 1517 354 1522 —
370 1499 475 1533 Surdi
496 1500 718 1543 au‹liunt,ut
736 1501 936 1546 impleatur

160 1542 270 1578 illud:
293 1546 338 1578 Et
353 1556 458 1579 aures
476 1547 669 1581 swwlorwn
683 1549 870 1591 patebunt.
891 1567 937 1572 —

157 1592 295 1625 Mortui
314 1597 520 1636 reswywzt,
542 1597 579 1627 ut
598 1592 799 1639 impleatur
820 1595 932 1630 illud:

162 1638 293 1674 Vivent
332 1642 479 1683 mortui,
520 1642 704 1683 interfecti
733 1644 937 1677 meires-ur-

157 1690 254 1728 qent.
281 1706 325 1710 —
355 1688 534 1731 Paupercs
560 1689 870 1732 evangelizantur,
900 1689 937 1724 id

159 1735 217 1767 est
250 1742 317 1777 per
349 1734 592 1778 1⁴]va11gcliiiin
631 1735 869 1771 instruuntur
901 1739 938 1772 et

158 1777 430 1823 illuminantur,
458 1786 492 1815 vt
513 1782 555 1815 ad
579 1781 690 1816 tidem
715 1788 932 1818 conxerlun·

158 1827 233 1869 tur,
251 1830 286 1861 ut
302 1825 501 1871 impleatur
518 1828 605 1863 illud
629 1840 636 1864 :
659 1830 936 1874 Evangelizare,

158 1873 216 1907 vel
239 1874 286 1907 cut
306 1877 599 1910 ‹annenztz‘rnzztnm
622 1878 846 1921 pazipetibus
866 1879 936 1912 mi-

156 1920 206 1954 sit
240 1931 306 1954 me.
334 1920 388 1955 Fit
409 1926 532 1957 autem
572 1923 694 1967 potius
726 1924 866 1960 mentio
889 1925 935 1960 de

157 1966 400 2011 pauperibus,
430 1980 539 2014 quam
569 1970 614 2005 (le
635 1970 826 2014 divitibus,
849 1972 937 2017 quia

156 2023 343 2058 pauperes
374 2021 642 2052 convertuntur
677 2017 833 2054 facilius.
871 2018 934 2054 Ubi

156 2061 397 2104 Hieronymus
417 2075 426 2097 .·
450 2078 463 2094 (ι
482 2066 661 2108 Ραιῳθνοε
682 2069 807 2100 autem
829 2077 938 2101 evare-

155 2108 375 2151 gyelizcmtw’,
394 2109 572 2155 intellige,
595 2112 649 2146 vel
668 2122 851 2158 pauperes
866 2113 938 2159 spi-

159 2153 247 2197 ritu,
286 2157 338 2190 vel
385 2161 484 2192 certe
515 2159 648 2203 opibus
675 2170 874 2206 pauperes,
898 2163 938 2195 ut

156 2201 259 2236 nulla
280 2201 376 2237 inter
395 2204 538 2240 nobiles
559 2210 593 2241 et
616 2205 813 2251 ignobiles,
837 2207 936 2243 inter

156 2246 290 2283 divites
327 2254 364 2284 et
393 2261 547 2294 egenos,
588 2252 623 2287 in
667 2254 937 2299 praedicatioue

156 2293 336 2330 distantia
358 2296 416 2332 sit.
447 2312 464 2329 »
488 2300 642 2335 Narrate
670 2311 758 2346 ergo
784 2301 935 2344 Joanni,

158 2351 243 2386 quae
260 2342 411 2387 quidem
428 2345 585 2379 audistis
599 2346 634 2381 in
654 2348 851 2393 Prophetis
871 2359 938 2394 per

158 2389 330 2424 Messiani
349 2390 487 2434 fienda,
505 2392 648 2427 vidistis
666 2395 777 2429 modo
792 2406 859 2440 per
878 2406 936 2430 me

157 2435 340 2481 impleta:
365 2447 408 2472 ea
436 2438 534 2473 enim
557 2444 642 2474 tunc
672 2442 807 2486 agebat
835 2441 938 2477 Chri-

159 2485 251 2526 stus,
296 2494 378 2528 quae
422 2485 631 2530 Prophetae,
654 2487 849 2532 loquentes
891 2489 937 2524 de

157 2532 326 2575 tempore
366 2531 525 2575 Messiae,
562 2534 813 2578 praedixerant
851 2546 936 2571 eum

156 2576 356 2613 facturum.
387 2579 581 2614 Subtiliter
602 2591 690 2626 ergo
727 2583 934 2628 respondit,

156 2623 321 2660 innuens
343 2625 454 2661 talem
479 2626 660 2662 rationem
679 2641 689 2662 .·
718 2629 783 2671 Qui
804 2640 935 2674 opera-

158 2674 220 2706 tur
241 2682 355 2717 opera
379 2683 527 2708 omnem
556 2677 701 2710 naturae
723 2676 936 2712 facultatem

160 2719 391 2763 excedentia,
418 2724 453 2755 et
474 2731 555 2765 quae
581 2722 775 2767 Prophetae
797 2723 936 2768 praedi-

161 2769 292 2801 xerant
309 2767 354 2802 de
370 2767 516 2804 Christo
533 2769 680 2815 Messia,
693 2769 755 2805 ille
769 2771 935 2816 profecto

973 256 975 269 l
1019 229 1188 267 Christus
1221 234 1301 274 est3
1331 232 1395 267 sed
1430 243 1498 279 ego
1519 233 1608 269 talia
1643 243 1792 280 operor,

155 272 211 307 ait
225 273 302 306 illis
321 275 476 309 :Euntes
494 278 698 311 renuntiate
708 279 843 313 ,Ioanni
862 289 941 323 quae
973 286 975 300 ⁴

152 319 326 361 audistis,
343 321 390 356 ab
413 320 497 356 aliis
510 326 712 368 antequam
733 324 939 369 veniretis,
974 346 976 357 2

1020 288 1110 323 ergo
1132 289 1199 323 ego
1222 288 1302 314 sum
1327 279 1506 315 Christus.
1538 280 1683 316 Utiliter
1702 291 1792 328 ergo

1021 325 1068 360 ad
1094 326 1250 361 Joannis
1277 325 1479 372 discipuos
1503 327 1697 374 respondit
1721 330 1794 365 Do-

975 404 976 412 ,
1021 371 1159 416 minus,
1181 371 1306 418 potius
1323 383 1390 417 per
1412 385 1538 420 opera,
1563 386 1674 421 quam
1696 375 1726 411 si
1738 375 1794 411 di-

154 416 261 460 ptum
284 425 408 450 meum
431 416 527 459 fieri,
548 421 747 463 postquam
767 419 939 463 venistis,
975 416 977 425 ¹

1021 419 1135 454 xisset
1158 431 1166 454 :
1191 421 1267 465 Ego
1288 430 1366 455 sum
1386 432 1394 464 ;
1419 427 1455 457 ut
1478 422 1559 467 ipsa
1580 433 1695 468 opera
1715 422 1795 469 eJ'us

1020 466 1305 502 manifestarent
1320 466 1373 502 eis
1387 469 1485 513 quod
1496 469 1574 515 ipse
1588 473 1687 505 esset
1702 471 1796 505 Mes-

976 553 978 563 ,
1021 513 1108 557 sias,
1126 517 1250 559 potius
1277 523 1387 558 quam
1410 518 1523 551 verba
1546 530 1555 551 :
1579 516 1666 561 quia
1689 516 1793 552 testi-

155 556 327 594 audistis.
354 557 389 591 in
413 558 695 603 praedicatione,
719 564 752 595 et
776 562 938 601 vidistis,
977 574 978 584 ¹
1115 560 1120 565 '

1020 571 1187 596 monium
1200 560 1296 606 quod
1312 565 1362 595 est
1378 562 1422 597 de
1436 563 1548 598 rebus
1557 567 1591 599 et
1602 563 1792 609 operibus,

1022 608 1239 644 credibilius
1257 611 1293 644 et
1315 608 1476 645 validius
1496 615 1549 645 est
1576 610 1792 647 testimonio

1022 656 1118 701 quod
1136 660 1223 691 esta
1244 654 1387 699 verbis;
1405 661 1440 691 et
1461 657 1619 692 validior
1648 661 1704 693 est
1722 668 1793 694 vox

1025 702 1163 748 operis,
1189 714 1299 749 quam
1324 704 1519 739 sermonis.
1536 704 1659 739 Noluit
1679 704 1791 741 etiam

1019 750 1159 795 apertis
1180 751 1303 788 verbis
1326 751 1448 786 dicere
1473 763 1479 785 ;
1503 753 1578 796 Ego
1600 762 1681 787 sum
1709 762 1791 797 pro-

1020 802 1104 843 pter
1126 803 1352 843 arrogantia}
1378 798 1536 834 vitandae
1558 799 1789 844 exemplum

1021 844 1086 880 sed
1107 849 1233 880 tamen
1264 845 1540 883 evidentissime
1568 845 1730 881 ostendit
1753 855 1792 882 se

1020 902 1102 927 esse
1122 891 1225 927 illum
1243 894 1287 929 de
1305 905 1376 939 quo
1389 894 1604 938 quaerebant
1621 903 1721 928 eum.

1068 942 1088 973 5
1110 940 1322 977 MonALiTER
1357 952 1420 976 sex
1454 952 1630 975 MIRACULA
1652 941 1796 976 CnmsTI

1021 996 1157 1021 CONTRA
1178 998 1330 1023 TOTlDEM
1364 999 1457 1023 mm
1491 998 1725 1023 srfflmUALiA.
1749 1008 1795 1014 -

1021 1033 1213 1069 Moraliter
1237 1046 1303 1081 per
1330 1047 1390 1071 sex
1413 1045 1527 1080 opera
1562 1034 1700 1070 Christi
1727 1033 1796 1070 mi-

1019 1080 1155 1116 rabilia
1192 1081 1251 1117 hie
1291 1082 1426 1128 posita,
1456 1081 1589 1126 quibus
1625 1080 1796 1118 liberavit

1020 1128 1193 1163 homines
1217 1140 1238 1164 a
1273 1129 1531 1175 corporalibus
1568 1128 1790 1173 defectibus,

1019 1178 1177 1220 possunt
1214 1176 1331 1222 accipi
1370 1187 1431 1212 sex
1466 1176 1564 1211 mala
1600 1186 1622 1211 a
1658 1175 1793 1227 quibus

1021 1222 1188 1267 quotidie
1212 1223 1458 1269 spiritualiter
1482 1222 1612 1258 liberat
1632 1232 1791 1258 ammas.

1021 1269 1175 1305 Caecitas
1212 1275 1268 1306 est
1306 1270 1521 1315 ignorantia
1551 1274 1586 1305 ct
1607 1280 1713 1305 error
1732 1280 1793 1305 ra-

1019 1316 1134 1351 tionis
1169 1317 1361 1362 eligentis3
1405 1316 1628 1352 claudicatio
1652 1319 1709 1352 est
1739 1316 1795 1352 in-

1019 1363 1179 1399 firmitas
1216 1369 1252 1400 et
1289 1367 1450 1400 curvitas
1484 1363 1693 1399 affectionis
1717 1373 1795 1399 mo-

1020 1411 1161 1453 ventis3
1192 1412 1295 1457 lepra
1331 1416 1386 1447 est
1418 1410 1721 1456 concupiscentia
1758 1414 1796 1446 et

1020 1457 1258 1493 immunditia
1279 1459 1590 1503 concupiscentiae
1607 1456 1786 1502 carnalis;

1019 1503 1182 1537 surditas
1210 1508 1263 1538 est
1290 1505 1431 1538 malitia
1454 1509 1489 1538 ct
1511 1504 1648 1539 duritia
1672 1503 1788 1539 obsti-

1018 1553 1116 1584 natze
1138 1550 1274 1585 mentis
1291 1562 1298 1592 ;
1320 1561 1421 1585 mors
1436 1553 1489 1585 est
1508 1550 1693 1595 scparatio
1712 1550 1791 1586 ani-

1018 1606 1088 1631 mae
1110 1607 1130 1631 a
1165 1598 1239 1632 Deo
1276 1608 1342 1642 per
1382 1597 1539 1631 mortale
1575 1600 1786 1642 p··ccatum;

1017 1648 1218 1689 paupertas
1242 1648 1295 1679 est
1318 1645 1481 1679 desectus
1501 1644 1631 1690 gratize
1655 1648 1691 1679 et
1714 1644 1789 1680 vir-

1018 1694 1151 1725 tutum.
1178 1693 1260 1725 Haec
1284 1696 1406 1726 autem
1427 1701 1486 1725 sex
1506 1691 1616 1733 mala,
1635 1702 1702 1736 pro
1720 1701 1797 1728 ma-

1018 1748 1092 1782 gna
1112 1742 1216 1782 parte
1237 1738 1342 1773 nobis
1364 1749 1404 1773 ex
1427 1742 1576 1783 peccato
1599 1738 1708 1784 primi
1733 1739 1797 1775 ho-

1019 1784 1130 1819 minis
1149 1784 1305 1827 inflicta,
1332 1784 1421 1819 tollit
1449 1786 1541 1819 finos
1562 1789 1599 1820 et
1619 1785 1796 1830 praedica-

1018 1831 1070 1866 tio
1090 1831 1223 1867 Christi
1247 1832 1377 1866 devote
1398 1837 1561 1877 accepta.
1586 1833 1677 1867 Nam
1698 1832 1794 1869 ratio

1019 1878 1265 1921 illuminatur,
1282 1880 1438 1913 affectus
1452 1878 1790 1923 cei-titicatur‚con-

1021 1925 1258 1971 cupiscentize
1280 1927 1393 1960 ardor
1422 1925 1680 1970 exstinguitur,
1711 1927 1794 1962 obs-

1020 1972 1153 2007 tinatio
1188 1972 1384 2017 frangitur,
1408 1978 1597 2018 peccatum
1627 1974 1791 2018 sugatur,

1020 2023 1057 2054 et
1077 2020 1197 2065 gratia
1217 2022 1420 2055 confertur.
1444 2041 1485 2044 —
1512 2019 1669 2062 Quidam
1690 2019 1792 2056 enim

1021 2071 1108 2101 sunt
1128 2066 1213 2101 czeci
1236 2078 1302 2112 per
1322 2066 1571 2111 ignorantiam
1597 2078 1604 2101 :
1628 2077 1720 2112 quos
1743 2066 1788 2102 li-

1021 2114 1129 2149 berat
1155 2115 1337 2156 Cliristus,
1371 2113 1593 2148 illustrando
1624 2116 1789 2150 mentem

1021 2161 1066 2196 ad
1095 2161 1305 2197 divinorum
1336 2160 1602 2205 cognitionem.
1626 2181 1669 2186 —-
1700 2160 1791 2203 Qui-

1021 2208 1106 2243 dam
1145 2212 1231 2242 sunt
1269 2207 1391 2242 claudi
1428 2207 1462 2241 in
1502 2208 1636 2242 affectu
1663 2217 1789 2253 pravae

1021 2254 1311 2299 voluntatis,qui
1326 2255 1420 2289 bene
1436 2254 1561 2289 vident
1578 2254 1663 2298 quid
1679 2265 1791 2300 agen-

1021 2301 1109 2336 dum
1131 2300 1192 2343 sit,
1215 2306 1250 2336 et
1272 2302 1473 2346 quomodo,
1492 2301 1669 2336 derelicto
1685 2312 1793 2337 mun·

1020 2348 1082 2391 do,
1120 2347 1285 2384 Christus
1325 2349 1538 2393 qunendns
1574 2351 1698 2391 esset;
1723 2348 1789 2384 sed

1020 2395 1165 2438 nolunt,
1186 2395 1240 2429 vel
1264 2395 1397 2439 partim
1420 2396 1546 2430 volunt
1565 2394 1671 2440 sequi
1687 2405 1793 2431 mun-

1021 2442 1123 2485 dum,
1149 2441 1283 2487 parlim
1312 2442 1514 2485 Christum,
1538 2442 1791 2478 claudicantes

1020 2488 1059 2524 in
1089 2489 1181 2523 duas
1214 2494 1350 2534 partes,
1375 2489 1410 2523 id
1435 2493 1490 2523 cst
1517 2499 1645 2524 versus
1673 2490 1789 2525 Deum

1021 2539 1057 2571 et
1091 2536 1271 2571 mundum
1295 2546 1417 2580 :quos
1455 2536 1588 2571 liberat
1622 2535 1789 2572 Christus

1021 2582 1254 2628 disponendo
1294 2587 1457 2617 mentem
1483 2583 1529 2617 ad
1564 2582 1699 2618 divinae
1729 2593 1791 2618 vo-

1021 2630 1174 2665 luntatis
1195 2629 1454 2675 expletionem.
1478 2650 1510 2654 -
1530 2629 1687 2672 Quidam
1703 2631 1790 2664 sunt

1020 2676 1157 2722 leprosi
1182 2677 1284 2722 lepra
1306 2676 1472 2719 luxuriae,
1498 2686 1579 2721 quae
1601 2686 1735 2722 corpus
1752 2678 1790 2728 et

1019 2725 1184 2759 animam
1205 2723 1378 2766 maculat,
1398 2724 1453 2758 vel
1474 2723 1627 2758 altit-rius
1647 2726 1788 2768 peccati

1019 2770 1239 2817 contagione
1275 2783 1286 2805 .·
1320 2781 1412 2816 quos
1448 2770 1582 2806 liberat
1619 2769 1788 2807 Christus
