1894 3186
306 178 359 213 DE
396 177 559 212 JUDAEIS
597 177 767 212 SIGNUM
805 178 857 212 DE
896 178 1024 213 COELO
1062 179 1399 224 QUAERENTIBUS,
1438 183 1530 217 ETC.
1675 186 1736 219 227

103 251 159 285 est
172 258 243 284 non
255 256 462 291 coqnoseere
469 247 567 281 viam
578 248 759 287 veritatis,
773 258 882 293 quam

101 297 353 342 postaqnitam
367 298 562 329 retrorsum
575 297 746 333 converti.
762 294 798 330 id
812 298 880 340 est,

103 342 222 379 levius
243 347 299 378 est
319 340 553 377 committere
574 341 725 387 aliquod
745 353 884 388 pecca-

102 394 180 427 tum
201 401 283 426 cum
302 388 530 435 ignorantia,
545 400 657 434 quam
680 388 776 425 idem
800 401 882 426 cum

102 437 259 474 scientia
273 436 393 482 quoad
407 447 573 482 poenam3
591 437 772 473 minorem
784 438 882 474 enim

102 485 167 521 illa
198 485 360 531 patietur
393 495 511 530 pitense
543 484 761 530 vindictam,
794 487 884 531 (uua

100 544 168 579 per
188 537 443 577 contemptum
464 532 609 574 gratiae,
638 544 750 577 quam
779 533 824 568 de
845 544 883 568 se

101 583 197 616 mate
226 578 383 615 vivendo
411 579 544 625 pellit,
580 580 769 615 deteriora
802 591 884 627 sup-

99 626 211 674 plicia
246 630 436 672 meretur,
474 631 509 662 et
536 627 669 663 vulnus
706 627 884 663 iteratum

99 674 244 710 tardius
269 678 437 710 sanatur.
467 675 572 710 Unde
594 675 646 710 ait
669 676 886 718 Chrysosto—

99 733 180 758 mus
209 737 217 758 :
248 734 265 755 <<
293 723 379 757 Haee
413 726 540 758 autem
578 733 655 758 non
690 723 812 759 solum
839 723 887 758 ad

101 769 201 813 illos,
236 769 300 805 sed
329 769 376 805 ad
414 780 483 806 nos
516 769 628 805 etiam
666 770 766 806 dicta
806 781 888 806 esse

101 816 287 853 rationem
320 817 449 860 habet,
490 817 519 852 si
558 817 763 853 illuminati
802 821 837 854 et
867 829 889 854 a

102 863 294 910 prioribus
316 864 413 900 eruti
443 865 565 910 malis,
592 876 723 901 rursus
753 866 799 901 ab
829 876 887 901 ea-

102 912 188 947 dem
229 911 494 957 possideamur
530 912 710 958 nequitia.
741 912 888 948 Etenim

102 958 292 995 difficilior
308 960 386 1005 J'am
408 959 479 995 erit
502 970 614 1006 poena
635 959 887 1006 posteriorum

101 1010 359 1053 peccatorum,
382 1011 535 1053 propter
559 1008 659 1053 quod
680 1008 887 1054 paralytico

102 1053 194 1089 dixit
212 1054 381 1090 Christus
404 1066 412 1090 :
435 1058 524 1091 Ecce
538 1066 650 1090 sanus
682 1058 804 1099 faetus
838 1066 885 1096 es,

101 1103 177 1137 noli
206 1113 367 1147 peccare,
386 1113 429 1137 ne
450 1104 606 1138 (leterius
638 1104 784 1148 aliquid
820 1104 889 1138 tibi

103 1151 304 1192 continuat.
332 1162 348 1182 »
376 1151 418 1184 Et
439 1150 572 1186 iterum
593 1162 600 1185 :
625 1152 748 1187 «Cum
773 1150 887 1185 semel

102 1196 238 1242 aliquis
262 1195 445 1232 liberatus
466 1209 487 1232 a
509 1197 617 1232 malis
639 1209 713 1233 non
740 1196 889 1232 sobrius

103 1243 286 1286 efficitur,
324 1245 440 1280 multo
474 1244 689 1280 (litticitiora
725 1249 889 1290 patietur

101 1290 305 1338 prioribus.
326 1291 472 1327 Etenim
501 1292 691 1327 difficilior
714 1293 793 1338 jam
817 1295 888 1327 erit

103 1349 215 1384 poena
242 1338 493 1384 posteriorum
520 1344 777 1385 peccatorum,
801 1339 888 1374 hine

102 1392 228 1422 autem
256 1397 330 1421 non
359 1387 478 1422 solum
514 1398 664 1433 poenam
705 1387 886 1432 excogita,

103 1433 169 1469 sed
202 1433 315 1469 etiarn
350 1434 535 1470 infinitam
562 1434 623 1470 Dei
657 1434 889 1479 longanimi—

102 1484 234 1517 tatem.
252 1481 323 1516 Sed
344 1493 390 1516 ne
407 1482 657 1525 confidamus,
674 1483 736 1517 sed
761 1481 889 1517 timea-

103 1539 200 1564 mus.
225 1528 371 1563 Etenim
394 1530 541 1565 Pharao
568 1529 598 1564 si
620 1531 655 1564 in
674 1528 794 1574 prima
816 1529 890 1574 pla-

103 1587 152 1622 ga
170 1575 343 1613 eruditus
364 1576 509 1622 fuisset,
532 1587 609 1613 non
627 1579 757 1623 utique
782 1587 888 1613 aoce-

957 247 1074 294 pisset
1085 247 1354 294 experientiam
1367 252 1620 296 posteriorum
1637 263 1645 295 ;
1661 263 1737 289 non

958 295 1087 342 utique
1119 299 1247 341 postea
1273 297 1381 333 simul
1406 310 1487 334 cum
1523 300 1602 346 ipso
1625 312 1738 337 exer—

956 343 1032 379 citu
1059 344 1276 380 submersus
1300 345 1444 382 suisset.
1470 349 1540 383 Sed
1570 360 1643 384 non
1667 360 1739 385 ru—

956 392 1064 427 brum
1087 392 1279 437 nia-retiam
1302 394 1532 438 pertransire
1551 407 1647 432 nunc
1669 400 1738 440 est,

958 442 996 474 at
1019 439 1172 485 pelagus
1193 443 1229 475 et
1251 439 1370 485 ignis;
1399 443 1553 487 pelagus
1569 455 1643 479 non
1666 444 1739 479 tale

959 498 1079 532 neque
1113 492 1272 531 tantum,
1310 489 1374 523 sed
1407 490 1523 525 multo
1553 492 1673 536 majus
1703 495 1740 527 ct

958 534 1176 570 silvestrius.
1207 535 1292 570 Ideo
1332 547 1438 580 rogo,
1477 540 1518 573 ut
1553 550 1739 584 compun—

958 585 1108 626 gantur,
1123 593 1316 618 sermones
1331 584 1512 628 gehennae
1529 586 1738 622 audIentes.

959 629 1057 665 Nihil
1086 629 1185 665 enim
1210 630 1472 667 delectabilius
1499 638 1555 668 est
1584 633 1742 679 disposi-

960 677 1060 713 tione
1079 677 1164 722 hac,
1190 688 1308 723 quare
1331 679 1400 714 hac
1436 679 1527 715 nihil
1560 681 1740 717 amarius,

961 724 1155 761 Convertit
1188 727 1287 761 enim
1324 725 1472 762 animas
1514 731 1678 772 nostras,
1707 732 1743 763 et

961 771 1071 817 erigit
1086 771 1329 815 intellectum,
1346 777 1381 809 et
1395 774 1646 819 perniciosam
1660 786 1744 811 con-

962 819 1279 864 cupiscentiarum
1318 821 1610 867 captivationem
1648 833 1743 870 pro—

957 866 1054 913 jicit,
1078 872 1114 902 et
1136 867 1323 904 medicina
1346 869 1456 905 nobis
1483 871 1564 906 haec
1588 871 1643 906 fit.
1668 872 1744 906 Ex·-

963 916 1171 960 cogitemus
1194 914 1309 961 igitur
1332 923 1368 952 et
1395 916 1589 954 mittamus
1609 917 1744 964 princi-

960 961 1065 1008 pium
1089 962 1146 998 vel
1174 974 1287 1005 nunc,
1317 966 1354 999 et
1386 964 1524 1000 ostium
1552 965 1745 1011 poeniten—

961 1009 1050 1053 tiae3
1081 1013 1117 1045 et
1145 1009 1197 1045 sie
1222 1014 1424 1057 tangamus
1455 1012 1552 1048 viam
1586 1017 1742 1049 arctam.

962 1058 1162 1102 Usquequo
1192 1057 1357 1102 lascivia,
1380 1069 1575 1106 usquequo
1611 1060 1744 1096 remis-

962 1104 1016 1139 sio
1033 1106 1049 1139 ?
1071 1106 1150 1139 Non
1170 1104 1313 1151 impleti
1351 1117 1480 1143 sumus
1509 1107 1744 1153 pigritante&

962 1151 1192 1195 deridentes,
1230 1153 1454 1189 tardanti-s?
1492 1157 1571 1190 Non
1613 1156 1745 1191 eadem

961 1210 1092 1234 rursus
1123 1203 1233 1235 erunt
1262 1211 1393 1236 mensa
1421 1204 1457 1237 et
1490 1203 1686 1246 saturatio,
1710 1205 1747 1238 et

962 1247 1323 1291 superahumtantia,
1347 1252 1383 1284 et
1404 1250 1588 1294 pecuniae,
1609 1256 1645 1286 et
1663 1261 1746 1296 pos-

962 1293 1166 1337 sessiones,
1195 1299 1231 1330 et
1269 1296 1549 1333 l'abrtcatioues.
1587 1299 1629 1332 Et
1663 1297 1746 1343 quis

963 1340 1074 1376 finis?
1106 1341 1219 1383 tjinis,
1243 1346 1279 1378 et
1309 1343 1440 1389 pulvis,
1464 1348 1500 1380 et
1532 1345 1744 1391 sepulchra,

963 1392 997 1424 et
1013 1399 1172 1424 vermes.
1192 1390 1442 1427 Ostendamus
1464 1391 1590 1437 itaque
1611 1403 1746 1428 novam

964 1436 1166 1481 quamdam
1210 1437 1334 1482 viam,
1377 1439 1559 1475 faciamus
1605 1444 1745 1476 terram

964 1484 1121 1525 coelum3
1144 1488 1179 1520 et
1200 1485 1353 1520 omuino
1375 1497 1616 1523 assumamus
1630 1487 1744 1523 virtu-

963 1534 1053 1574 tem,
1094 1534 1135 1566 ut
1165 1531 1299 1567 suturis
1330 1533 1520 1579 potiamur
1556 1534 1666 1572 bonis
1692 1546 1699 1571 :
1724 1548 1743 1569 »

965 1578 1045 1614 haee
1068 1579 1355 1624 Chrysostomus.

845 1684 1015 1722 ORATIO

152 1783 309 1822 Domine
328 1786 419 1823 Jesu
456 1785 615 1830 Christe,
652 1785 828 1831 Magister
853 1786 966 1830 bone,
1007 1785 1065 1820 sae
1091 1795 1237 1821 mecum
1265 1785 1414 1832 signum
1436 1789 1567 1835 gratiae
1600 1792 1673 1826 tuae
1702 1790 1743 1827 in

105 1832 260 1876 bonum,
280 1836 319 1869 ut
339 1844 399 1869 me
431 1835 611 1869 miserum
643 1844 753 1879 quem
775 1836 878 1869 cetus
905 1836 942 1870 et
963 1834 1073 1868 draco
1097 1831 1159 1868 ille
1183 1843 1344 1879 magnus
1366 1836 1560 1872 absorbuit
1579 1838 1743 1883 peccatis

106 1880 364 1926 spiritualibus
392 1884 429 1917 et
462 1880 678 1917 carnalibus
704 1884 896 1927 tamquam
930 1880 1061 1917 diebus
1082 1883 1119 1915 et
1139 1881 1324 1926 noctibus,
1347 1886 1383 1918 et
1411 1884 1482 1919 hoc
1501 1883 1634 1929 tribus,
1657 1887 1744 1931 quia

107 1938 307 1972 consensu,
329 1931 366 1964 et
395 1939 521 1974 opere,
545 1939 588 1964 ac
614 1928 903 1973 consuetudine,
931 1931 971 1965 tu
995 1927 1292 1964 misericorditer
1309 1930 1356 1966 de
1375 1931 1545 1967 faucibus
1579 1933 1660 1978 ejus
1687 1932 1743 1969 di-

107 1975 234 2020 gneris
268 1976 442 2012 liberare.
465 1978 536 2012 Fac
556 1975 668 2012 etiam
690 1987 750 2012 me
768 1975 959 2022 praeterita
993 1979 1148 2022 peecata
1167 1975 1360 2023 plangere,
1393 1981 1429 2014 et
1450 1980 1575 2015 sutura
1595 1991 1741 2017 cavere.

107 2022 258 2059 Exsicca
280 2034 339 2059 me
363 2023 410 2059 ab
432 2024 590 2059 humore
611 2023 986 2070 concupiscentiae,ut
1008 2023 1171 2069 quietem
1190 2034 1264 2059 non
1279 2024 1493 2062 inveniatin
1508 2037 1587 2071 me;
1605 2028 1745 2064 munda

107 2080 168 2105 me
194 2070 317 2115 scopis
338 2071 583 2107 consessionis
611 2081 633 2107 a
651 2071 827 2108 vitiorum
848 2071 1035 2115 sordibus,
1055 2073 1092 2106 et
1115 2081 1208 2106 orna
1228 2081 1288 2108 me
1308 2073 1408 2109 veris
1432 2073 1634 2112 virtutibus
1657 2087 1665 2112 :
1694 2086 1744 2112 ne

108 2127 168 2154 me
193 2127 215 2154 a
234 2117 343 2155 bonis
362 2122 559 2156 vacantem
579 2118 759 2167 inveniat,
780 2122 816 2156 et
839 2118 972 2156 iterius
993 2128 1148 2165 peccare
1169 2118 1295 2158 saciat,
1317 2121 1452 2158 Amen.

704 2356 708 2361 «
734 2330 914 2377 CAPUT
940 2330 1097 2377 LXXV

162 2487 211 2514 DE
235 2486 407 2515 MULIERE
432 2487 561 2518 VOCEM
577 2488 626 2516 DE
645 2487 775 2517 TURBA
798 2485 1070 2523 EXTOLLENTE,
1092 2486 1141 2515 AC
1169 2487 1219 2516 DE
1240 2488 1374 2518 MATRE
1399 2489 1450 2519 ΕΤ
1472 2489 1690 2520 FRATRIBUS

638 2554 777 2584 DOMINI
806 2552 889 2581 EUM
913 2552 1213 2586 QUAERENTIBUS.

603 2659 731 2696 Matth.
755 2668 835 2705 cap.
861 2658 926 2694 XII
947 2660 983 2694 et
1003 2658 1089 2695 Luc.
1111 2669 1192 2706 cap.
1217 2660 1263 2696 XI

166 2790 178 2812 1
211 2775 404 2813 LAUDATUR
435 2776 610 2814 CHRISTUS
639 2790 662 2814 A
694 2779 889 2814 MARCELLA

919 2769 925 2834 Ι
964 2780 1015 2813 est
1047 2779 1180 2823 autem,
1207 2788 1286 2814 cum
1318 2777 1502 2814 Dominus
1528 2778 1638 2815 Jesus
1671 2777 1743 2815 haec

115 2823 292 2860 Eccmsm
321 2836 436 2862 TYPUM
470 2836 643 2864 GERENTE.
667 2845 711 2852 —
740 2827 889 2862 Factum

966 2825 1114 2868 diceret,
1147 2826 1384 2872 respondens
1409 2825 1652 2873 blasphemiis
1677 2827 1742 2862 Ju-
