1894 3186
270 189 370 223 DOM.
410 186 659 221 EXCITATUS

114 265 155 298 ut
172 270 309 307 magna
330 259 495 295 turbatio
518 268 699 303 magnum
733 258 894 303 discipu-

113 309 160 347 lis
178 309 362 345 incuteret
383 306 572 349 timorem‚
594 308 631 340 et
665 315 821 351 magnus
844 306 891 341 ti-

112 366 196 393 mor
212 355 409 391 induceret
426 363 488 389 eos
508 353 556 388 ad
583 351 782 388 clamosam
811 363 893 388 ora-

113 403 269 446 tionem,
295 405 331 437 et
367 401 531 437 clamosa
551 399 671 435 oratio
692 399 892 435 induceret

112 450 300 487 Christum
327 448 375 484 ad
402 457 578 491 magnam
605 446 776 482 miraculi
797 457 889 492 ope-

112 496 313 540 rationem,
337 499 373 531 et
393 504 571 542 magnum
593 494 889 529 miraculumin-

112 544 267 581 duceret
287 543 459 579 homines
477 542 523 577 ad
537 541 649 577 tidem
664 545 701 577 et
721 541 889 577 admira-

109 591 265 628 tionem.
295 590 400 626 Unde
445 589 707 633 Auqustmus:
756 600 774 622 (‹
803 589 890 623 Ideo

109 641 334 685 premuntur
356 636 460 682 justi,
487 641 527 672 ut
558 635 676 681 pressi
712 635 889 680 clament,

112 685 315 722 clamantes
337 684 599 725 exaudiantur,
619 682 782 718 exauditi
807 683 888 729 glo-

110 732 262 769 rificent
278 733 408 768 Deum.
428 732 500 767 Iste
518 734 644 766 autem
658 730 800 765 clamor
816 740 891 765 non

111 783 257 816 tantum
294 778 406 815 debet
446 778 528 815 fieri
559 788 648 813 voce
686 781 722 813 et
759 777 890 820 corde,

110 827 177 864 sed
204 827 317 862 etiam
337 836 466 871 opere,
490 829 531 861 ut
550 824 725 860 insistant
740 824 892 870 ,jejuniis

112 877 149 911 et
168 872 429 919 eleemosynis,
446 876 482 908 et
500 871 746 908 macerationi
763 882 894 918 corpo-

110 921 164 957 ris
187 931 195 957 :
218 920 300 957 haec
317 921 563 964 Augustinus.
589 932 607 953 »

156 972 180 1012 4
198 969 354 1004 MYsTma
387 979 467 1003 ISTA
498 977 676 1003 nmmum
694 976 804 1002 TYPUS
831 976 894 1001 EsT

109 1015 303 1053 Eccmsnss.
326 1035 371 1041 —
393 1014 545 1060 Mystice
565 1014 664 1049 istud
686 1016 806 1058 potest
830 1023 894 1048 ex-

110 1063 202 1109 poni
230 1062 491 1098 diversimode.
521 1061 647 1098 Primo
674 1061 893 1106 allegorice,

113 1112 225 1156 prout
237 1110 400 1155 pertinet
411 1109 458 1144 ad
478 1112 598 1143 totum
615 1118 749 1152 corpus
767 1107 893 1142 Eccle-

112 1156 193 1201 siae,
219 1160 259 1191 ut
278 1155 451 1191 navicula
478 1155 711 1200 intelligatur
730 1154 894 1188 Ecclesia

114 1203 298 1244 fidelium,
338 1213 422 1248 [ruae
452 1202 500 1238 ad
537 1202 692 1237 modum
719 1201 824 1236 navis
854 1201 893 1235 in

113 1249 298 1296 principio
333 1249 402 1285 tuit
421 1252 538 1292 arcta,
564 1249 651 1295 quia
672 1258 807 1294 paucos
826 1248 892 1283 ha-

113 1298 196 1334 buit
215 1297 412 1333 credentes
428 1297 487 1341 ;in
507 1296 581 1332 fine
605 1297 731 1338 etiam,
752 1295 894 1330 scilicet

114 1347 286 1390 tempore
333 1343 566 1388 Antichristi,
605 1344 676 1378 erit
719 1347 890 1388 angusta,

115 1392 203 1438 quia
226 1396 315 1427 tunc
337 1391 445 1437 pauci
463 1394 574 1426 erunt
593 1390 746 1432 fidelem
769 1389 892 1425 medio

117 1442 243 1476 autem
276 1442 331 1475 est
358 1439 444 1481 lata,
464 1438 551 1484 quia
585 1438 696 1473 modo
724 1437 816 1472 fides
838 1441 894 1472 est

115 1487 275 1523 multum
298 1486 465 1522 dilatata.
505 1486 547 1520 In
572 1485 642 1521 hac
660 1485 746 1520 navi
778 1484 894 1520 conti-

116 1537 257 1570 nentur
288 1533 430 1577 fideles,
453 1532 516 1578 qui
543 1543 628 1568 cum
656 1532 803 1568 Christo
828 1541 893 1575 per

115 1591 221 1617 mare
239 1580 411 1616 seculiad
431 1589 588 1624 regnum
610 1579 790 1614 coelorum
807 1588 892 1622 per-

114 1628 285 1664 veniunt.
306 1628 410 1662 Hanc
431 1627 557 1671 itaque
570 1636 704 1661 navem
724 1625 894 1660 ascendit

118 1674 300 1718 Christus,
339 1683 404 1718 per
434 1673 604 1718 regimen
643 1676 679 1708 et
703 1673 892 1718 guberna-

118 1721 274 1766 tionem,
303 1721 391 1765 quia
416 1721 494 1765 ipse
519 1724 573 1755 est
608 1723 732 1755 rector
767 1719 894 1755 Eccle-

117 1769 182 1805 siae
209 1772 246 1804 et
279 1768 524 1813 gubernator,
552 1768 592 1802 in
622 1776 695 1811 qua
722 1766 893 1810 discipuli

119 1815 373 1852 continentur.
395 1815 500 1850 Hanc
525 1818 650 1850 autem
669 1813 838 1849 ascendit
858 1815 893 1848 in

118 1863 323 1909 Baptismo‚
362 1861 452 1907 quia
475 1860 685 1906 Baptismus
709 1865 763 1896 est
778 1861 896 1905 janna

117 1912 452 1947 sacramentorum.
469 1909 511 1943 In
524 1909 686 1944 Ecclesia
699 1918 788 1953 ergo
804 1912 897 1943 tam-

119 1967 232 2004 quam
263 1957 301 1992 in
334 1957 421 1991 navi
460 1966 603 2000 sumus,
645 1958 682 1991 et
716 1954 896 1990 Dominus

117 2004 314 2041 nobiscum
359 2007 512 2048 propter
554 2013 622 2038 sua
641 2005 894 2038 sacramenta.

118 2051 193 2090 Sed
212 2055 342 2087 contra
374 2050 581 2085 Ecclesiam
599 2050 693 2085 flant
713 2049 814 2084 venti
829 2059 894 2084 va-

116 2098 166 2135 rii
187 2101 224 2134 et
262 2097 375 2134 validi
402 2098 604 2142 malorum,
640 2101 677 2132 et
702 2096 897 2132 elevantur

119 2146 254 2182 fluctus
286 2149 420 2181 contra
452 2155 549 2189 eam,
578 2148 617 2180 ut
644 2144 697 2179 sic
722 2143 896 2180 navicula

121 2193 227 2239 quasi
261 2192 454 2238 operiatur
484 2192 671 2235 fluctibus,
705 2189 897 2237 submergi

119 2244 248 2276 tamen
288 2250 364 2274 non
388 2242 520 2284 potest.
544 2240 589 2274 Et
611 2240 708 2274 inter
727 2240 808 2274 haec
823 2249 899 2274 om-

119 2287 184 2323 nia
203 2287 372 2322 Christus
394 2287 558 2322 dormire
576 2285 737 2330 videtur,
765 2289 802 2321 et
821 2296 897 2321 non

118 2334 342 2377 attendere‚·
376 2334 464 2379 quia
485 2363 494 2379 ,
531 2333 737 2369 secundum
774 2333 899 2377 Orme-

121 2391 215 2423 nem,
251 2382 472 2427 patientiam
494 2381 694 2425 bonorum,
722 2384 758 2416 et
779 2381 897 2424 poeni-

119 2429 278 2464 tentiam
299 2428 500 2473 impiorum
520 2432 708 2473 exspectat
729 2440 737 2464 :
763 2428 899 2464 Christi

123 2475 225 2511 enim
258 2476 435 2511 dormitio
472 2479 526 2511 est
554 2475 678 2510 divina
707 2476 745 2510 in
783 2475 901 2510 tribu-

108 2522 328 2565 lationibus
365 2522 587 2568 permissi03
612 2523 676 2568 qui
702 2522 898 2566 excitatur,

125 2570 276 2616 quando
301 2570 487 2605 bonorum
516 2570 690 2615 precibus
716 2570 898 2615 pulsatur.

124 2617 352 2652 Accedamus
387 2628 476 2663 ergo
499 2617 547 2652 ad
565 2628 650 2653 eum
671 2646 682 2662 ,
711 2618 900 2654 dicentes:

124 2665 308 2710 Eoesurqe,
352 2675 465 2710 quare
489 2664 685 2709 obdormis,
738 2666 901 2705 Domine,

126 2720 292 2756 eoesurqe,
315 2715 349 2747 et
363 2723 408 2747 ne
437 2713 593 2758 repellas
613 2714 652 2748 in
672 2714 791 2757 finem.
820 2713 901 2756 lpse

126 2763 251 2795 autem
279 2763 462 2805 exsurget,
484 2762 522 2795 et
540 2759 745 2806 imperabit
764 2758 897 2803 ventis,

127 2804 167 2842 id
191 2809 246 2844 est
265 2806 511 2854 daemonibus,
531 2808 597 2855 qui
621 2807 812 2845 concitant
828 2806 899 2843 flu-

698 188 721 221 A
759 187 901 221 SOMNO
941 186 1139 220 IMPERAT
1177 187 1335 221 VENTIS
1375 189 1423 221 ET

1460 189 1583 223 MARI.
1711 192 1746 225 13

969 262 1062 302 ctus,
1091 258 1128 293 id
1163 261 1218 295 est
1256 259 1373 294 malos
1400 260 1510 305 hujus
1540 264 1669 299 mundi
1697 266 1745 302 ad

967 306 1248 341 immittendum
1273 308 1550 350 persecutiones
1579 311 1722 348 Sanctis

966 352 1153 399 facietque
1198 354 1510 398 tranquillitatem
1550 344 1740 405 magnam]

968 410 1098 444 pacem
1121 400 1308 444 Ecclesiae,
1329 404 1366 436 et
1379 403 1618 441 serenitatem
1640 417 1743 443 mun-

966 447 1012 482 do
1031 458 1097 493 per
1111 449 1358 483 cessationem
1380 449 1631 488 tribulationi-s
1655 464 1743 490 con-

965 494 1123 530 ferendo
1140 523 1149 538 ‚
1192 495 1249 531 vel
1293 495 1510 540 patientiam
1553 500 1741 537 tribulatis

966 542 1103 579 dando.
1142 543 1193 578 De
1214 543 1285 578 ista
1301 542 1387 578 navi
1414 544 1465 579 sic
1485 545 1574 580 dicit
1595 548 1743 592 Chr-‚isso-

964 592 1130 625 stomus:
1170 602 1188 624 ‹<
1222 592 1302 626 Non
1339 590 1494 627 dubium
1522 597 1575 628 est
1610 604 1744 630 navem

966 637 1074 673 istam
1114 637 1320 674 Ecclesiam
1343 637 1538 684 figurasse,
1563 651 1659 685 quae,
1683 652 1747 678 na—

965 683 1180 725 vigantibus
1200 686 1399 731 Apostolis,
1421 687 1656 731 gubernante
1673 690 1744 724 Do-

967 732 1082 773 mino,
1126 733 1240 768 flante
1283 733 1424 778 Spiritu
1462 734 1612 774 Sancto,
1650 746 1746 780 prae-

966 778 1169 815 dicationis
1210 780 1325 816 verbo
1364 780 1502 826 ubique
1545 782 1746 828 discurrit;

967 831 1121 872 portans
1138 837 1264 863 secum
1287 838 1466 871 magnum
1488 829 1747 867 inaeztimabile

969 875 1143 919 pretium,
1179 885 1252 920 quo
1297 878 1418 911 totum
1453 877 1635 912 mundum
1667 888 1749 914 san-

967 922 1080 967 guine
1103 922 1239 957 Christi
1263 927 1428 958 mercata
1451 928 1517 960 est.
1541 925 1639 959 Mare
1659 935 1747 968 vero

968 968 1136 1005 seculum
1159 970 1396 1015 intelligitur,
1420 971 1519 1015 qnod
1546 981 1568 1006 a
1589 972 1746 1008 diversis

969 1017 1132 1060 peccatis
1159 1021 1195 1052 et
1212 1018 1326 1053 variis
1346 1018 1616 1054 tentationibus
1645 1020 1746 1055 velut

968 1063 1191 1109 quibusdam
1223 1064 1396 1099 fluctibus
1430 1068 1562 1100 aestuat
1593 1076 1604 1109 ;
1645 1067 1748 1102 venti

967 1117 1093 1145 autem
1131 1111 1310 1155 nequitiae
1346 1111 1559 1154 spirituales
1607 1116 1644 1146 et
1682 1114 1749 1149 im-

968 1156 1099 1192 mundi
1136 1158 1290 1202 spiritus
1310 1157 1584 1203 intelliguntur,
1608 1159 1670 1203 qui
1698 1160 1746 1195 ad

967 1204 1206 1249 naufragium
1241 1204 1428 1248 Ecclesiae,
1469 1215 1533 1248 per
1580 1205 1745 1242 diversas

966 1251 1081 1286 seculi
1117 1251 1361 1293 tentationes,
1396 1252 1499 1286 velut
1520 1262 1584 1296 per
1609 1253 1745 1290 fluctus

967 1298 1095 1337 maris,
1123 1299 1345 1334 desaeviunt.
1370 1299 1542 1334 Dormire
1570 1310 1657 1335 vero
1679 1302 1745 1337 Do-

968 1346 1091 1381 minus
1124 1345 1161 1381 in
1182 1346 1251 1381 hac
1272 1345 1360 1381 navi
1390 1346 1626 1392 intelligitur,
1662 1359 1747 1384 cum

966 1393 1014 1429 ad
1027 1393 1287 1438 probationem
1302 1393 1404 1438 fidei,
1420 1394 1623 1429 Ecclesiam
1642 1405 1749 1432 suam

968 1441 1150 1486 pressuris
1189 1445 1226 1477 et
1263 1441 1584 1485 persecutionibus
1619 1443 1747 1479 mundi

967 1488 1070 1523 istius
1087 1487 1225 1524 tentari
1243 1489 1438 1534 permittit.
1462 1489 1638 1524 Excitatio
1659 1500 1748 1526 vero

967 1535 1235 1579 discipulorum
1268 1535 1512 1571 excitantium
1546 1537 1747 1573 Dominum

967 1582 1191 1617 etauxilium
1212 1582 1510 1627 implorantium,
1530 1587 1570 1617 ut
1587 1583 1746 1620 liberen-

966 1632 1040 1673 tur,
1076 1639 1205 1674 preces
1237 1630 1460 1665 Sanctorum
1488 1631 1656 1665 omnium
1679 1640 1736 1666 os-

966 1676 1187 1712 tenduntur.
1228 1677 1273 1711 Et
1291 1677 1460 1721 quamvis
1497 1677 1735 1714 infestatione

968 1723 1109 1758 inimici
1148 1723 1313 1758 Ecclesia
1349 1724 1405 1758 vel
1444 1724 1560 1759 seculi
1595 1726 1755 1770 tempe?

967 1774 1061 1805 state
1096 1770 1253 1812 laboret,
1277 1770 1447 1815 quamvis
1488 1772 1740 1809 tentationum

969 1816 1143 1851 fluctibus
1162 1816 1339 1861 pulsetur,
1363 1817 1561 1863 naufragiu
1579 1828 1600 1852 n
1617 1821 1744 1854 timen

969 1864 1091 1899 facere
1125 1874 1201 1899 non
1229 1868 1362 1908 potest,
1400 1865 1487 1909 quia
1514 1865 1576 1900 Dei
1606 1866 1740 1901 Filium

969 1911 1386 1956 habetgubernatorem
1421 1912 1743 1957 Interipsosenim

969 1958 1138 1993 turbines
1177 1959 1320 2001 mundi,
1361 1958 1460 1993 inter
1500 1960 1596 2003 ipsas
1632 1960 1746 1995 seculi

971 2006 1261 2050 persecutiones,
1282 2006 1362 2051 plus
1381 2006 1510 2052 gloriae
1531 2017 1573 2041 ac
1596 2007 1743 2042 virtutis

969 2052 1145 2097 acquirit,
1172 2053 1260 2089 dum
1289 2052 1328 2088 in
1349 2052 1422 2089 fide
1446 2053 1554 2089 firma
1570 2059 1606 2089 et
1634 2055 1748 2090 indis-

970 2099 1119 2135 solubili
1143 2103 1350 2143 permanet.
1370 2100 1527 2147 Navigat
1565 2101 1665 2137 enim
1687 2102 1745 2137 in-

971 2150 1113 2182 structa
1127 2147 1213 2182 fidei
1239 2148 1509 2193 gubernaculo,
1527 2148 1622 2183 felici
1638 2159 1747 2185 cursu

972 2205 1038 2239 per
1061 2194 1172 2239 hujus
1191 2195 1306 2230 seculi
1329 2205 1445 2239 mare,
1465 2195 1607 2231 habens
1631 2197 1747 2232 Deum

972 2241 1280 2287 gubernatorem,
1297 2242 1459 2288 Angelos
1477 2244 1653 2289 remiges,
1672 2254 1752 2288 por-

971 2292 1055 2324 tans
1072 2289 1205 2324 choros
1222 2290 1391 2326 omnium
1410 2291 1647 2334 Sanctorum,
1671 2301 1753 2327 ere-

973 2339 1032 2370 cta
1067 2335 1105 2371 in
1143 2336 1267 2373 medio
1307 2338 1387 2382 ipsa
1421 2338 1575 2373 salutari
1612 2339 1749 2374 arbore

973 2383 1107 2426 crucis,
1132 2383 1171 2418 in
1189 2395 1263 2430 qua
1296 2385 1531 2431 Evangelicae
1552 2384 1641 2420 fidei
1665 2385 1748 2421 vela

971 2430 1215 2474 suspendens,
1235 2432 1351 2468 flante
1368 2433 1507 2477 Spiritu
1528 2433 1677 2475 Sancto,
1699 2431 1747 2467 ad

973 2482 1121 2522 portum
1144 2479 1320 2523 paradisi.
1342 2483 1379 2515 et
1394 2480 1635 2515 securitatem
1661 2479 1746 2524 qui-

974 2525 1042 2559 etis
1070 2527 1222 2562 aeternae
1244 2526 1463 2563 deducitur:
1488 2539 1505 2560 »
1527 2527 1609 2562 haec
1629 2526 1744 2571 Chry-

973 2574 1166 2609 sostomus.

1023 2622 1042 2654 5
1068 2619 1294 2656 ALLEGoaicE
1320 2630 1430 2656 TYPUs
1456 2630 1519 2654 asr
1548 2630 1667 2656 caeeis
1690 2620 1759 2656 Do-

975 2677 1116 2703 mNICAE.
1135 2687 1179 2694 --
1196 2668 1278 2702 Alio
1299 2668 1410 2703 modo
1433 2668 1503 2702 hoc
1518 2667 1617 2702 idem
1643 2670 1760 2712 potest

977 2713 1113 2758 exponi
1140 2714 1355 2760 allegorice,
1388 2718 1499 2759 prout
1530 2714 1690 2759 pertinet
1708 2713 1755 2749 ad

977 2765 1087 2806 caput
1118 2762 1306 2806 Ecclesiae,
1347 2762 1448 2808 quod
1483 2765 1538 2796 est
1571 2761 1750 2801 Christus,

977 2812 1018 2844 ut
1038 2808 1212 2846 navicula
1246 2819 1360 2856 quam
1393 2808 1561 2846 Christus
1585 2807 1754 2845 ascendit
