1894 3186
446 187 500 220 DE
537 186 702 219 HOMINE
739 187 1001 222 VULNERATO
1038 186 1063 219 A
1099 184 1399 218 LATRONIBUS.
1687 181 1744 216 103

158 260 178 294 5
215 259 390 301 Qnonono
437 268 682 293 DESPOLIATUM
720 270 800 294 rurs
846 270 887 294 ET

110 317 348 343 VULNERATUM
382 317 418 341 IN
451 305 592 340 ADAno.
614 324 660 331 —
688 308 736 341 Et
755 307 888 342 incidit

112 355 151 389 in
180 355 350 393 latrones,
378 353 415 388 id
444 358 500 388 est
529 351 567 387 in
591 356 791 396 potestates
815 354 888 390 dae-

112 411 283 444 monum,
311 411 377 436 seu
406 399 444 434 in
465 399 670 435 diabolicas
692 401 749 436 vel
775 401 889 437 etiam

111 449 297 483 humanas
335 446 578 491 tentationes,
606 446 645 482 in
675 458 770 493 quos
811 459 889 484 non

114 495 321 538 incidisset,
340 493 412 529 nisi
434 493 538 540 prius
555 494 657 530 intus
678 496 887 540 tumuisset3

113 553 200 578 vera
239 544 295 577 est
333 541 434 577 enim
473 541 675 587 sententia,
714 544 842 579 dicens
879 554 887 578 :

108 590 206 625 Ante
229 590 374 624 ruinam
412 591 601 624 escaltatur
635 601 716 632 εον,-
723 617 795 626 .....
826 592 891 636 qui

114 638 224 672 etiam
246 637 541 682 despoliaverunt
562 648 654 678 eum,
677 641 819 673 vestem
837 638 893 673 in-

111 685 295 720 nocentiae
316 687 352 719 et
372 683 688 720 immutabilitatis
725 696 790 721 seu
818 685 890 720 im-

111 731 367 775 mortalitatis,
392 742 459 777 per
492 732 783 768 fraudulentiam
822 743 890 768 au-

112 779 280 814 ferendo.
305 780 415 815 Veste
438 779 666 815 innocentiae
695 791 761 815 seu
795 780 891 815 stola

113 825 235 871 prima
263 826 416 869 amissa,
440 827 614 872 cognovit
638 838 677 862 se
709 838 791 863 esse
823 838 891 863 nu-

110 873 201 909 dum
217 885 227 917 3
244 874 438 919 gloriaque
463 874 757 910 immortalitatis
771 874 893 920 perdi-

110 924 162 965 ta,
176 920 389 966 pelliceum,
401 922 471 957 hoc
487 924 542 957 est
558 923 717 958 mortale
734 921 894 967 sumpsit

113 967 407 1010 indumentum3
431 969 530 1004 unde
562 971 600 1004 in
628 969 777 1015 signum
796 980 893 1004 mor-

115 1015 273 1051 talitatis
295 1016 414 1050 induit
437 1017 534 1051 Deus
554 1016 696 1062 primos
716 1019 892 1062 parentes

115 1062 261 1098 tunicas
294 1063 482 1108 pelliceas,
527 1074 609 1109 qnae
649 1064 694 1099 de
734 1063 892 1099 mortuis

114 1109 210 1145 fiunt
237 1110 474 1145 animalibus.
500 1113 547 1145 Et
574 1112 699 1155 plagis
724 1114 891 1156 peccato-

114 1168 196 1192 rum
218 1159 401 1202 imposz'tbs
419 1160 455 1192 et
477 1157 602 1201 illatis,
626 1158 662 1192 id
696 1162 751 1192 est
786 1161 892 1193 natu-

113 1203 257 1239 ralibus
295 1214 362 1249 per
393 1207 587 1249 peccatum
614 1204 818 1239 vulneratis
855 1207 891 1239 et

112 1250 331 1295 debilitatis,
356 1252 537 1292 abierunt,
564 1262 640 1286 non
672 1252 718 1287 ab
742 1251 890 1287 insidiis

114 1298 313 1340 cessando,
329 1299 393 1333 sed
414 1309 477 1334 eas
491 1299 713 1334 occultando
735 1310 743 1339 ;
766 1298 888 1344 primo

113 1344 215 1382 enim
238 1345 467 1381 sensibiliter
490 1345 527 1381 in
556 1345 679 1392 specie
703 1346 889 1392 serpentis

113 1392 287 1429 diabolus
307 1393 466 1438 decepit,
490 1394 555 1429 sed
582 1396 666 1439 post
692 1394 835 1429 occulte
854 1396 890 1429 et

114 1439 353 1476 invisibiliter
365 1441 523 1476 tentavit
534 1453 542 1484 ;
563 1442 734 1476 semivivo
746 1443 885 1483 relicto,

113 1488 215 1534 quia,
245 1487 313 1524 etsi
343 1488 605 1524 immortalitas
630 1489 739 1524 beata
766 1491 889 1534 potest

114 1535 267 1579 auferri,
291 1536 421 1571 oculus
442 1540 569 1581 tamen
589 1535 748 1571 rationis
771 1546 890 1571 rema-

115 1585 179 1617 net
189 1582 398 1627 hominum,
415 1593 487 1628 quo
505 1585 599 1618 Deus
616 1586 737 1628 potest
751 1594 889 1628 cogno—

114 1628 180 1665 sci.
199 1630 303 1666 Unde
318 1631 434 1665 Beda:
452 1646 464 1660 «ι
484 1630 710 1666 Semivivum
726 1630 889 1675 relique-

116 1680 218 1720 runt,
253 1679 341 1722 quia
382 1677 655 1714 beatitudinem
689 1677 775 1713 vitae
817 1677 891 1713 im-

115 1724 287 1760 mortalis
307 1736 455 1769 exuere,
479 1726 543 1760 sed
564 1736 640 1760 non
661 1736 815 1760 sensum
834 1735 892 1760 ra-

115 1771 229 1807 tionis
244 1772 395 1808 abolere
408 1772 618 1808 valuerunt.
639 1774 687 1807 Ex
703 1783 776 1818 qua
791 1774 891 1807 enim

117 1822 223 1865 parte
260 1830 392 1865 sapere
430 1823 467 1855 et
506 1830 731 1865 cognoscere
774 1821 891 1855 Deum

116 1869 252 1913 potest,
276 1867 379 1902 vivus
400 1870 456 1902 est
481 1867 617 1911 homo;
644 1878 687 1902 ex
708 1878 781 1912 qua
802 1878 891 1902 vero

117 1913 280 1960 peccatis
313 1914 555 1960 contabescit,
580 1917 616 1950 et
637 1914 789 1950 miseria
827 1914 891 1950 de-

117 1960 208 2005 ficit,
232 1964 402 1997 mortuus
438 1960 537 1996 idem
577 1962 799 2006 letiferoque
838 1964 894 1997 est

118 2008 271 2044 vulnere
292 2009 462 2044 faedatus.
487 2022 504 2042 »
528 2009 632 2044 Unde
653 2012 691 2044 et
715 2010 893 2054 Theophi-

121 2057 177 2091 lus
203 2067 211 2091 :
237 2069 255 2087 «
284 2057 335 2091 Ac
371 2055 571 2092 semivivus
607 2055 745 2092 dicitur
781 2057 894 2091 homo

118 2105 201 2149 post
225 2107 436 2148 peccatum,
461 2102 550 2149 quia
580 2102 709 2139 anima
736 2102 894 2139 immor-

120 2150 204 2186 talis
231 2154 300 2193 est,
326 2161 462 2196 corpus
498 2161 586 2186 vero
624 2151 810 2194 mortale;
845 2150 897 2186 ita

118 2200 159 2233 ut
170 2197 353 2233 medietas
365 2197 528 2233 hominis
546 2199 778 2234 succumbat.
793 2211 811 2230 »
826 2199 898 2234 Un-

121 2244 167 2280 de
200 2244 314 2280 etiam
353 2246 586 2288 Auqustinus
611 2258 622 2280 .·
647 2260 665 2278 «
688 2245 897 2281 Semivivus

118 2292 221 2328 enim
247 2293 361 2328 habet
393 2292 544 2328 vitalem
581 2296 740 2337 motum,
773 2292 811 2328 id
844 2295 899 2328 est

123 2339 285 2375 liberum
310 2339 509 2376 arbitrium
542 2340 797 2380 vulneratum,
825 2350 898 2385 quo

119 2386 166 2423 ad
185 2390 365 2422 aeternam
382 2386 510 2432 vitam,
538 2398 648 2433 quam
666 2387 898 2434 perdiderat,

121 2433 246 2469 redire
275 2444 350 2469 non
371 2434 537 2478 valebat;
560 2437 598 2470 et
626 2434 710 2470 ideo
734 2435 899 2480 Jacebat,

123 2480 210 2526 quia
231 2479 327 2517 vires
352 2481 385 2516 ei
408 2481 570 2528 propriae
600 2482 647 2517 ad
669 2482 902 2527 surgendum

123 2537 201 2563 non
222 2527 471 2573 sufficiebant,
491 2532 532 2565 ut
547 2529 594 2565 ad
615 2540 655 2565 se
676 2529 901 2572 sanandum,

124 2574 325 2618 medicum,
348 2575 386 2611 id
412 2579 468 2611 est
484 2577 616 2620 Deum,
638 2576 860 2622 requireret.
881 2588 900 2608 »

125 2621 205 2666 Vel,
235 2621 456 2658 semivivum
489 2624 740 2669 reliquerunt,
778 2633 902 2659 rema-

125 2671 239 2704 nente
270 2669 346 2705 vita
368 2675 527 2715 naturae,
554 2681 632 2706 non
658 2671 735 2706 vita
754 2670 902 2716 gratiae‚

122 2715 229 2767 justa
264 2716 356 2752 illud
392 2717 559 2763 Apostoli
597 2729 606 2754 :
642 2720 734 2755 Vivo
770 2721 902 2761 autem,

129 2762 269 2815 scilicet
307 2763 383 2800 vita
416 2768 577 2811 naturae,
610 2765 692 2810 jam
723 2776 795 2801 non
827 2775 904 2809 eqo,

133 2809 273 2866 scillcet
302 2810 379 2847 vita
405 2812 523 2859 culpae
542 2824 551 2858 ;
577 2814 671 2850 vivit
690 2823 772 2849 vero
792 2814 832 2848 in
851 2823 907 2848 me

963 258 1142 297 christus,
1164 254 1308 291 scilicet
1323 254 1398 289 vita
1418 253 1565 299 gratiae.
1589 254 1746 290 Fecerat

962 303 1063 341 enim
1091 305 1189 339 Deus
1226 301 1420 337 hominem
1460 302 1508 336 ad
1546 302 1746 345 imaqinem

962 363 1080 392 suam,
1105 350 1311 386 secundum
1332 350 1546 392 rationi-nn
1568 349 1617 383 ad
1647 349 1748 384 simi-

964 399 1158 435 titudinem
1189 408 1307 438 suam,
1343 396 1546 432 secundum
1580 395 1746 432 dilectio-

963 457 1069 482 nem:
1083 449 1123 481 ut
1135 456 1201 491 per
1214 448 1414 488 utrumque
1428 444 1502 478 Deo
1515 444 1742 488 adhaereret,

964 499 1001 530 et
1016 492 1234 529 inhaerendo
1250 492 1382 527 beatus
1397 492 1496 526 essct
1528 491 1599 526 Sed
1618 490 1744 527 diabo-

964 542 1021 577 lus
1032 541 1209 576 humanae
1221 538 1444 575 beatitudini
1458 537 1642 582 invidens,
1659 549 1744 574 con—

964 592 1023 624 tra
1039 589 1112 624 duo
1128 589 1226 624 bona
1240 585 1436 633 praedicta,
1452 585 1525 620 duo
1544 585 1688 620 homini
1706 585 1745 621 in

965 635 1141 681 originali
1168 635 1293 670 intulit
1319 632 1543 680 principalia
1568 633 1679 668 mala.
1704 634 1746 668 In

966 695 1010 719 eo
1032 694 1194 729 namque
1216 681 1316 728 quod
1343 682 1462 716 sactus
1484 684 1566 715 erat
1586 680 1633 715 ad
1658 679 1749 715 ima-

966 731 1106 777 ginem,
1130 741 1194 766 seu
1214 729 1423 765 secundum
1445 727 1646 771 rationem,
1672 727 1750 763 vul-

969 778 1114 814 neravit
1140 788 1226 813 eum
1254 787 1322 823 per
1349 775 1605 821 ignorantiam
1629 774 1744 818 boni3

967 826 1006 861 in
1030 837 1074 861 eo
1096 836 1183 860 vero
1206 824 1307 871 quod
1340 824 1461 859 factus
1487 826 1544 858 est
1567 822 1615 858 ad
1643 821 1748 857 simi-

968 873 1168 908 litudinem
1179 872 1258 916 Dei,
1273 871 1482 907 secundum
1492 869 1750 913 dilectionem,

968 919 1180 956 vulneravit
1198 930 1283 955 611111
1310 929 1379 965 per
1403 916 1750 963 concupiscentiam

968 967 1070 1002 mali.
1101 969 1219 1002 Homo
1257 977 1346 1012 ergo
1377 965 1599 1001 vulneratus
1635 963 1749 1000 semi-

968 1014 1072 1050 vivns
1098 1013 1250 1049 relictus
1269 1018 1338 1056 est,
1359 1023 1447 1058 quia
1470 1013 1538 1047 etsi
1562 1013 1600 1047 in
1618 1013 1750 1047 huma-

967 1072 1015 1097 na
1052 1065 1188 1097 natura
1223 1062 1340 1106 possit
1378 1059 1504 1095 divina
1526 1059 1748 1104 similitudo,

967 1120 1050 1154 qua}
1088 1111 1125 1143 in
1155 1107 1356 1143 dilectione
1393 1110 1462 1150 est,
1491 1106 1642 1152 penitus
1666 1116 1748 1141 cor-

967 1155 1116 1201 rumpi;
1143 1154 1269 1190 divina
1288 1158 1415 1189 tamen
1441 1153 1580 1198 imago,
1604 1164 1688 1198 quae
1713 1152 1751 1188 in

966 1202 1112 1238 ratione
1148 1206 1216 1239 651,
1240 1212 1315 1237 11011
1348 1203 1471 1247 potest
1506 1202 1656 1246 penitus
1692 1200 1753 1235 de-

967 1250 1047 1285 leri*
1092 1249 1269 1293 Quamvis
1306 1247 1447 1284 etenim
1474 1251 1577 1283 tanta
1607 1247 1754 1283 malitia

965 1298 1085 1343 possit
1119 1296 1233 1339 allici,
1272 1299 1312 1332 ut
1346 1295 1440 1331 nihil
1467 1295 1599 1340 diligat
1633 1295 1749 1338 boni;

966 1356 1041 1380 non
1060 1348 1188 1380 tamen
1209 1342 1424 1387 ignorantia
1445 1346 1548 1378 tanta
1569 1341 1748 1378 excaecari

962 1394 1100 1438 potest,
1128 1396 1169 1428 ut
1185 1391 1278 1426 nihil
1301 1393 1501 1436 cognoscat
1523 1389 1614 1426 veri.

1011 1444 1031 1475 6
1053 1441 1143 1482 Qum
1178 1451 1244 1474 PER
1278 1450 1505 1474 SACERDOTEM
1527 1450 1568 1473 ET
1597 1449 1750 1473 LEvrrAii

964 1498 1283 1523 PERTRANSEUNTES
1310 1497 1555 1521 SIGNIFICETUR
1574 1486 1591 1520 ⁵?
1615 1506 1659 1511 --
1685 1486 1749 1521 Sa-

964 1535 1096 1570 cerdos
1123 1537 1249 1570 autem
1273 1536 1309 1569 et
1325 1533 1452 1569 Levita
1476 1533 1750 1568 descendentes

964 1582 1097 1618 eadem
1112 1581 1185 1625 via,
1206 1580 1285 1616 viso
1305 1580 1463 1626 spoliato
1481 1584 1517 1615 et
1535 1581 1747 1625 vulnerato,

964 1628 1247 1676 praeterierunt,
1277 1631 1312 1663 et
1338 1627 1425 1663 vitae
1453 1626 1651 1673 praesentis
1674 1630 1749 1662 sta-

965 1681 1046 1712 tum
1074 1680 1162 1712 tunc
1199 1679 1327 1711 sancte
1361 1674 1520 1710 vivendo
1547 1673 1750 1720 pertransi-

967 1727 1104 1765 erunt‚·
1126 1723 1191 1759 sed
1213 1724 1419 1758 humanum
1446 1733 1565 1767 genus
1587 1732 1653 1767 per
1677 1721 1750 1757 cul-

966 1782 1053 1817 pam
1065 1771 1307 1806 vulneratum
1323 1768 1477 1804 minime
1491 1772 1723 1805 sanaverunt
1739 1779 1747 1804 :

967 1818 1055 1864 quia
1074 1817 1327 1853 sacerdotium
1350 1816 1456 1862 Legi<
1477 1820 1513 1851 et
1534 1817 1615 1861 ejus
1638 1814 1750 1851 mini-

968 1865 1125 1902 sterium
1148 1868 1301 1910 peccata
1323 1875 1397 1899 non
1423 1867 1664 1907 curaverunt,
1685 1862 1752 1899 sed

969 1913 1089 1949 solum
1111 1913 1370 1948 ostenderunt.
1395 1910 1629 1957 Impossibile
1650 1910 1752 1946 enim

969 1964 1048 1997 erat
1064 1959 1250 2006 sanguine
1267 1959 1483 1997 vitulorum,
1496 1962 1532 1994 et
1547 1968 1751 2004 agnorum,

968 2012 1005 2044 et
1044 2007 1249 2050 hircorum,
1278 2005 1421 2042 auferri
1455 2009 1607 2052 peccata
1629 2004 1751 2041 homi-

968 2066 1071 2091 num.
1101 2055 1180 2099 Vel,
1207 2054 1384 2090 sacerdos
1411 2058 1448 2089 et
1474 2053 1587 2088 levita
1612 2052 1753 2088 intelli-

969 2107 1109 2149 guntur
1130 2103 1201 2138 Lex
1218 2105 1255 2138 et
1272 2100 1496 2147 prophetiae,
1519 2111 1603 2145 quae
1629 2099 1753 2136 homi-

970 2160 1056 2185 nem
1079 2160 1153 2185 non
1169 2151 1413 2191 sanaverunt,
1435 2148 1499 2183 sed
1522 2151 1677 2193 peccata
1695 2157 1754 2183 os-

970 2197 1176 2233 tenderunt
1196 2199 1232 2232 et
1254 2195 1596 2242 reprehenderunt.

1018 2259 1037 2291 7
1060 2245 1150 2287 Qun]
1172 2256 1238 2279 PER
1250 2245 1506 2280 SAMARITANUM
1527 2253 1754 2278 SUCCURREN·

971 2303 1052 2328 TEM.
1076 2312 1118 2316 —
1155 2293 1413 2328 Samaritanus
1448 2294 1569 2325 autem
1602 2290 1755 2334 quidam

973 2341 1042 2374 iter
1066 2340 1220 2381 faciens,
1240 2338 1279 2374 id
1309 2342 1366 2374 est
1388 2337 1559 2374 Christus
1580 2336 1643 2382 qui
1670 2335 1755 2372 ani-

974 2396 1055 2422 mas
1075 2386 1238 2421 custodit
1269 2396 1337 2431 per
1360 2384 1651 2428 humanitatem,
1673 2394 1754 2419 mo-

976 2436 1104 2469 menta
1124 2432 1209 2468 vitae
1229 2433 1342 2479 hujus
1361 2443 1530 2475 currens,
1559 2442 1627 2477 pro
1646 2429 1757 2467 nobis

978 2479 1079 2516 enim
1096 2480 1215 2516 factus
1228 2484 1285 2516 est
1300 2480 1413 2515 homo
1430 2479 1468 2514 in
1487 2478 1642 2524 mundo,
1659 2479 1759 2530 venit

977 2538 1077 2563 secus
1096 2539 1190 2569 eum,
1224 2527 1263 2563 id
1284 2530 1340 2563 est
1367 2527 1620 2570 vulneratum,
1654 2535 1755 2571 qula,

979 2577 1018 2610 in
1041 2576 1325 2610 similitudinem
1352 2576 1537 2610 hominum
1562 2574 1699 2617 factus,
1725 2574 1760 2607 et

980 2623 1110 2658 habitu
1132 2625 1301 2658 inventus
1327 2625 1397 2666 est,
1434 2625 1474 2656 ut
1500 2622 1628 2663 homo,·
1727 2621 1761 2654 et

980 2670 1108 2705 videns
1141 2681 1234 2711 eum,
1266 2669 1372 2706 oculo
1403 2666 1629 2708 clementiae,
1651 2667 1760 2701 mise-

980 2718 1143 2753 ricordia
1155 2721 1272 2753 motus
1283 2720 1348 2754 est.
1362 2727 1404 2752 ex
1421 2713 1699 2765 compassione..
1713 2714 1762 2748 Et

981 2767 1208 2810 appropians
1237 2762 1381 2800 homini
1410 2763 1619 2801 vulnerato,
1649 2769 1762 2795 mise-

981 2811 1140 2848 rationis
1155 2811 1397 2856 exhibitione,
1417 2809 1591 2853 allz'qavit
1607 2807 1759 2843 vulnera
