1894 3186
308 166 357 200 DE
394 165 627 206 ENCAENIIS,

119 234 221 271 dedit
238 234 396 281 Spiritus
416 236 583 276 Sanctus,
606 237 756 280 quando
776 249 899 283 corpo-

117 285 193 318 ralz·
218 285 334 328 speeie
348 285 442 318 sicut
459 283 624 317 columba
641 285 677 318 in
694 286 813 328 ipsum
833 286 899 321 ba-

116 332 295 375 ptizatum
321 331 529 373 ‹lescendm
558 329 813 367 testimonium
835 333 901 368 de-

116 377 261 423 ‹litipse
274 377 400 421 Filius,
415 378 564 422 quando
579 377 670 412 dixit
687 390 693 413 :
709 381 783 422 Euo
795 384 825 414 et
838 382 901 415 Pa-

117 427 169 460 ter
197 436 309 460 unum
340 435 477 460 sumus.
504 425 610 467 Quod
637 430 762 461 autem
790 427 902 462 suerit

116 471 322 516 terrestris,
338 471 376 507 id
395 475 452 507 est
464 482 573 508 verus
594 472 721 515 homo,
740 477 816 509 tres
852 480 904 510 te-

116 522 191 554 stes
207 522 305 562 sunt,
323 518 464 554 scilicet
480 530 488 554 :
504 518 672 565 spiritus,
694 519 730 555 id
753 525 808 556 est
824 522 903 557 ani-

116 577 191 610 ma,
209 576 321 612 quam
339 565 376 601 in
397 576 506 602 cruce
523 566 670 609 emisit;
689 578 799 613 aqua,
817 580 900 614 quae

116 613 161 649 de
189 615 271 659 eJus
292 613 410 649 latere
438 613 568 658 exivit3
589 617 626 649 et
652 616 819 661 sanguis,
837 616 899 661 qui

117 661 163 696 de
185 663 266 706 ejus
284 661 391 696 venis
407 661 566 697 effluxit.

164 711 184 743 5
223 709 341 745 CAUsA
376 720 666 744 INGREDULH'ATls
700 710 899 746 JUDAEORUM

118 767 329 799 DETEGITUR,
352 768 625 797 MYSTERHJMQUE
665 769 899 793 SANCTissIMAE

117 805 323 839 'PRINi'sATIS
340 815 547 840 ASSERITUR.
568 825 613 830 —
636 805 755 840 Causa,
774 811 897 840 autem

118 850 395 886 incredulitatis
428 862 557 887 eorum
586 853 758 888 subditur
787 864 795 887 :
828 853 899 888 Sed

117 909 180 933 vos
212 909 283 933 non
317 899 481 942 creditis,
504 902 592 944 quia
614 909 685 934 non
708 901 806 941 estis,
831 910 899 935 neo

118 956 200 981 esse
220 945 347 989 vultis,
371 957 415 981 ez·
437 947 563 981 ovibus
584 948 687 990 meis,
710 946 746 981 id
769 950 825 982 est
846 947 899 982 in-

119 996 299 1028 nocentes
328 996 364 1028 et
390 993 577 1037 humiles3
599 994 663 1029 sed
689 993 841 1039 superbi
864 998 901 1030 et

119 1039 336 1086 maligni,et
358 1040 442 1076 ideo
461 1040 524 1076 Dei
543 1040 688 1086 judicio
710 1041 898 1078 excaecati.

119 1088 208 1124 Oves
232 1098 330 1131 meae,
354 1087 391 1123 id
413 1091 469 1123 est
492 1088 665 1131 humiles,
686 1088 822 1134 quibus
843 1099 899 1124 re-

118 1135 266 1170 velatur
284 1135 424 1170 veritas
442 1146 463 1171 a
483 1146 554 1177 me,
571 1146 689 1171 vocem
705 1147 821 1170 'meam
839 1147 901 1171 αα-

118 1183 241 1226 diunt,
264 1182 455 1218 credendo
483 1183 609 1226 corde,
631 1186 667 1218 et
687 1182 899 1218 obediendo

118 1240 254 1276 opere3
278 1233 312 1264 et
331 1240 392 1273 egle
414 1241 584 1274 cognosco
600 1241 674 1271 εαε,
691 1241 765 1265 non
781 1230 899 1265 solum

119 1276 256 1313 notitia
282 1277 452 1321 visionis,
475 1277 540 1313 sed
568 1276 681 1312 etiam
712 1278 898 1323 approba-

120 1324 256 1368 tionis;
279 1328 313 1360 et
330 1328 535 1370 seq-[untur
551 1336 619 1368 me,
639 1323 822 1360 imitando
843 1324 901 1359 liic

119 1371 155 1408 in
179 1371 356 1418 praesenti
381 1383 446 1417 per
465 1372 638 1417 gratiam.
663 1375 697 1407 et
719 1371 757 1407 in
778 1372 900 1407 futuro

120 1429 188 1465 per
219 1419 391 1464 gloriam.
416 1420 503 1455 Ideo
539 1419 710 1464 sequitur
732 1430 740 1454 t
769 1421 814 1454 Et
839 1430 900 1462 690

119 1468 234 1502 vitam
263 1470 434 1502 aeternam
464 1467 509 1501 dr)
537 1469 600 1509 eis,
631 1467 690 1501 hic
722 1466 759 1501 iu
793 1470 902 1512 pastu

121 1515 193 1549 inei
216 1514 391 1560 Corporis
416 1517 451 1549 et
487 1513 699 1559 Sanguinis,
723 1517 759 1548 et
785 1514 819 1548 in
843 1513 902 1548 fu-

121 1564 205 1596 turo
238 1561 277 1596 in
298 1560 498 1597 dulcedine
525 1560 736 1603 fruitionis3
766 1564 798 1595 et
818 1559 902 1595 ideo

119 1619 192 1644 non
222 1609 397 1654 peribunt
424 1610 461 1643 ῑη
491 1612 677 1653 aeternum,
698 1607 786 1653 qula
812 1618 906 1653 prze-

121 1655 322 1692 destinatio
343 1656 388 1691 de
406 1657 458 1691 eis
479 1655 632 1691 frustari
661 1666 738 1691 non
758 1658 902 1701 potest,

121 1707 167 1747 et,
188 1702 286 1747 ideo,
306 1714 377 1738 non
403 1705 524 1748 rapiet
558 1714 617 1738 eas
645 1705 839 1748 qaisquam
861 1702 906 1737 de

121 1762 245 1794 manu,
260 1751 295 1786 id
312 1754 368 1786 est
383 1750 428 1785 de
444 1754 626 1796 potestate
639 1761 732 1791 mea,
750 1760 815 1795 per
828 1748 905 1785 vio-

122 1797 278 1833 lentiam
300 1797 361 1833 hic
382 1797 571 1833 trahendo
593 1799 638 1833 ad
663 1797 827 1843 culpam,
847 1796 905 1831 vel

123 1845 161 1880 in
194 1845 317 1880 futuro
353 1845 400 1880 ad
426 1855 591 1891 poenam.
619 1845 724 1887 Quod
754 1845 905 1889 probat,

122 1892 253 1928 diceus
274 1904 280 1928 :
305 1894 414 1927 Pater
437 1904 535 1927 meus
556 1893 653 1937 quod
675 1892 779 1927 dedit
800 1893 906 1934 mihi,

122 1940 244 1984 majus
282 1940 448 1975 omnibus
489 1943 555 1983 est,
592 1939 629 1975 id
672 1944 728 1974 est
766 1938 906 1982 Deitas,

124 1997 238 2032 quam
254 1987 374 2022 habeo
389 1998 410 2022 a
426 1988 537 2023 Patre
550 1997 653 2029 meo,
669 1987 794 2021 omnia
805 1986 908 2021 enim

125 2036 270 2069 excedit
286 2033 325 2068 in
346 2033 549 2069 infinitum.
574 2034 679 2070 Unde
701 2034 752 2068 ait
773 2034 908 2076 Anqu—

123 2083 242 2116 stinus
265 2094 275 2115 .·
300 2096 317 2113 «
337 2081 447 2116 Dedit
468 2081 570 2118 mihi.
596 2084 634 2116 ut
654 2080 722 2115 sim
745 2081 909 2116 Verbum

127 2129 223 2174 ejus,
246 2132 286 2164 ut
313 2128 383 2163 sim
412 2128 636 2174 Unigenitus
664 2127 777 2163 Filius
814 2128 908 2172 ej‘ns,

126 2179 169 2211 ut
189 2175 260 2211 sim
279 2175 458 2222 splendor
478 2176 572 2211 lucis
592 2176 685 2221 ejus.
708 2191 723 2206 »
746 2177 791 2210 Et
809 2185 909 2209 nemo

126 2226 244 2269 potest
262 2234 391 2269 rapere
411 2224 454 2258 de
480 2235 590 2258 manu
610 2224 733 2258 Patris
753 2224 824 2257 mei
844 2232 911 2267 per

126 2269 362 2315 violentiam,
376 2281 460 2306 cum
474 2270 522 2305 sit
539 2269 699 2305 infinitae
716 2268 909 2315 potentias,

129 2328 221 2363 ergo
256 2328 326 2353 neo
356 2318 402 2354 de
426 2328 540 2354 manu
573 2328 670 2361 inea,
693 2316 912 2352 continente

128 2375 193 2400 eas
209 2368 245 2400 et
264 2368 531 2400 conservante.
544 2367 621 2409 EcJo
636 2363 735 2400 enim
757 2367 789 2398 et
806 2365 913 2398 Pater

127 2423 240 2447 unum
254 2423 392 2457 sumus,
413 2411 555 2447 scilicet
572 2411 611 2447 in
632 2411 767 2446 virtute
790 2413 825 2446 et
846 2421 912 2456 po—

130 2458 264 2503 tentia,
288 2458 386 2494 sicut
406 2459 445 2494 in
467 2459 606 2495 deitate
629 2462 664 2494 et
684 2460 717 2493 in
735 2459 912 2493 essentia.

130 2507 347 2542 Notandum
368 2510 508 2550 autem,
529 2506 629 2551 quod
651 2517 694 2541 ex
714 2506 783 2540 hoc
801 2505 914 2540 verbo

133 2553 339 2589 Salvatoris
354 2565 362 2588 :
384 2556 460 2597 Eyo
478 2558 511 2588 et
524 2556 633 2588 Pater
649 2563 760 2587 unum
777 2562 915 2592 sumus,

133 2601 387 2636 exeluduntur
399 2601 472 2635 duo
488 2611 637 2635 errores
649 2598 827 2634 contrarii
849 2597 917 2633 cir-

135 2658 179 2682 ca
207 2647 407 2683 articulum
435 2647 685 2682 sanctissimae
709 2644 914 2681 Trinitatis.

140 2694 327 2730 Sabellius
359 2694 459 2729 enim
489 2694 615 2740 posuit
635 2693 673 2729 in
696 2695 770 2729 Deo
792 2695 918 2727 unita-

139 2744 214 2777 tem
230 2740 529 2788 persone-ziani„
550 2744 587 2777 et
607 2744 795 2785 essentiae,
809 2743 845 2775 et
860 2739 920 2774 hie

139 2798 248 2825 error
279 2792 511 2831 removetur,
540 2799 623 2824 cum
654 2787 789 2823 dicitur
811 2798 820 2822 ·.
844 2788 921 2832 Eyo

670 167 710 200 IN
748 167 905 207 QUIBUS
946 165 1210 200 VOLUERUNT
1248 165 1383 200 JESUM
1423 166 1573 199 Lirin.
1704 166 1762 201 309

975 241 1008 272 et
1028 239 1138 272 Pater
1159 248 1269 271 unum
1290 248 1413 272 sumus
1431 251 1440 280 ;
1465 237 1494 272 si
1515 236 1616 273 enim
1646 238 1757 273 Pater

975 288 1012 321 et
1032 284 1145 320 Filius
1165 287 1289 319 essent
1314 295 1385 319 nna
1408 295 1580 330 persona,
1601 284 1753 320 dixisset

975 343 1056 368 sum
1076 333 1111 366 in
1127 331 1320 376 singulari.
1343 331 1452 367 Arius
1471 336 1611 375 autum,
1632 344 1649 367 e
1669 343 1755 368 con-

975 384 1044 418 tra.
1072 378 1196 423 posuit
1218 378 1476 414 diversitatem
1504 379 1754 415 essentiarum

974 426 1070 463 sicut
1088 431 1123 461 et
1141 437 1406 472 personarum,
1431 430 1467 462 et
1488 427 1558 461 hoc
1591 426 1756 462 excludi-

974 478 1036 510 tur
1056 485 1138 509 cum
1161 472 1326 509 dicitur:
1355 475 1496 515 Unum;
1517 474 1545 509 si
1568 474 1669 509 enim
1692 475 1760 509 Pa-

975 527 1032 557 ter
1052 524 1089 556 et
1108 520 1220 556 Filius
1240 521 1425 556 haberent
1447 520 1615 556 diversas
1632 531 1758 555 essen-

976 568 1060 612 tias,
1085 579 1158 604 non
1195 567 1338 603 diceret
1373 578 1489 603 unum
1523 567 1758 611 neutraliter,

975 616 1041 652 sed
1065 616 1187 661 plura.
1218 615 1336 661 Igitur
1366 625 1432 660 per
1455 626 1462 649 :
1485 617 1561 657 qu
1590 619 1623 650 et
1653 617 1762 649 Pater

975 673 1113 706 sumus,
1136 662 1313 698 discretio
1343 666 1380 698 et
1400 661 1599 707 {equalitas
1630 672 1759 707 perso-

976 721 1112 747 narum
1135 709 1376 756 exprimitur;
1402 720 1469 755 per
1489 720 1496 744 :
1526 711 1655 751 Unum,
1679 707 1761 743 uni-

976 761 1034 793 tas
1056 756 1191 793 (livinae
1213 756 1431 793 substantiae
1456 755 1696 802 intelligitur.
1721 757 1762 790 In

977 804 1182 849 Theologia
1214 804 1311 840 enim
1343 815 1412 850 per
1439 806 1611 839 neutrum
1644 813 1762 849 genus

977 852 1117 888 dicitur
1136 851 1349 887 substantia
1366 850 1507 893 divina,
1530 861 1598 896 per
1620 861 1763 886 mascu-

977 899 1095 935 linum
1117 909 1379 944 personae,per
1398 897 1621 935 femininum
1641 898 1758 933 notio.

978 946 1083 982 Unde
1113 950 1229 992 patet,
1253 946 1354 992 quod
1376 945 1414 980 in
1441 946 1580 991 hymno
1603 956 1675 980 non
1699 944 1761 979 de-

978 995 1042 1030 bet
1077 993 1219 1029 cantari
1245 1005 1252 1028 :
1278 994 1378 1029 Unus
1403 992 1503 1028 Patri
1534 1002 1619 1028 cum
1653 990 1759 1035 Filio,

980 1041 1045 1076 sed
1071 1052 1182 1076 unum
1202 1042 1320 1083 Patri,
1343 1044 1413 1075 ete.
1435 1051 1443 1083 ;
1467 1040 1554 1085 quia
1580 1040 1693 1074 Pater
1725 1042 1762 1073 et

980 1088 1092 1124 Filius
1112 1099 1187 1123 non
1208 1091 1295 1123 sunt
1315 1098 1413 1123 unus
1441 1087 1479 1122 in
1498 1096 1676 1132 persona,
1695 1086 1761 1121 sed

979 1146 1093 1171 unum
1125 1134 1163 1170 In
1198 1134 1421 1170 substantia.
1452 1134 1556 1170 Unde
1585 1134 1763 1177 Augusti-

980 1193 1048 1218 nus
1072 1197 1081 1216 :
1102 1196 1119 1214 «
1136 1183 1343 1227 Utrumque
1363 1181 1465 1223 audi,
1483 1191 1594 1216 unum
1615 1190 1758 1216 sumus:

981 1229 1081 1275 quod
1103 1228 1194 1264 dixit
1215 1239 1329 1264 unum
1354 1227 1491 1263 liberat
1517 1233 1553 1263 te
1580 1228 1626 1263 ab
1647 1226 1758 1272 Ario;

982 1276 1082 1322 quod
1103 1286 1246 1319 sumus,
1265 1276 1401 1311 liberat
1420 1278 1455 1310 te
1476 1286 1497 1310 a
1515 1273 1691 1311 Sabellio.
1708 1274 1758 1317 Si,

980 1334 1113 1366 unum,
1141 1333 1231 1368 ergo
1265 1334 1340 1358 non
1374 1322 1586 1366 diversum3
1615 1321 1660 1365 si,
1698 1332 1760 1356 su-

981 1381 1079 1409 mus,
1103 1381 1192 1416 ergo
1215 1371 1326 1406 Pater
1347 1373 1382 1405 ct
1399 1369 1525 1405 Filius.
1550 1382 1568 1403 »

1028 1422 1049 1461 4
1069 1419 1179 1453 Simia
1197 1429 1363 1457 QUATuoR
1384 1428 1495 1452 ovum
1517 1417 1595 1452 Dm.
1610 1416 1761 1451 —Oves

981 1476 1071 1511 ergo
1103 1464 1165 1500 Dei
1196 1475 1264 1510 per
1290 1464 1397 1509 sigua
1430 1467 1594 1509 quatuor
1621 1473 1760 1508 cogno-

983 1515 1157 1554 scuntur,
1181 1522 1265 1557 quae
1292 1511 1351 1547 hic
1377 1522 1444 1557 per
1474 1510 1647 1546 ordinem
1677 1513 1763 1545 tan-

983 1563 1136 1604 guntur.
1164 1560 1302 1602 Primo,
1321 1569 1389 1604 per
1409 1559 1509 1594 bona
1535 1568 1652 1604 opera
1679 1567 1763 1602 quae

983 1606 1138 1649 faciunt,
1156 1609 1432 1652 cognoscuntur
1450 1604 1537 1650 quia
1555 1615 1642 1640 oves
1660 1603 1763 1639 Chri-

984 1654 1030 1689 sti
1051 1657 1151 1689 sunt.
1169 1653 1271 1688 Istud
1293 1653 1439 1699 signum
1457 1651 1564 1698 ponit
1583 1650 1764 1687 Dominus

984 1701 1029 1737 de
1050 1711 1089 1736 se
1112 1701 1206 1746 ipso,
1223 1699 1285 1746 qui
1308 1704 1365 1736 est
1384 1703 1525 1746 pastor,
1540 1709 1623 1734 cum
1649 1697 1762 1733 dicit:

983 1751 1101 1794 Opera
1143 1759 1223 1793 quae
1262 1758 1324 1791 eqo
1359 1748 1478 1790 facie,
1519 1747 1765 1782 testimonium

981 1796 1173 1842 perhibent
1186 1795 1229 1829 de
1243 1806 1309 1830 me.
1325 1793 1537 1830 Notandum
1553 1796 1677 1828 tamen
1692 1795 1762 1836 est,

985 1842 1084 1889 quod
1105 1845 1193 1877 sunt
1213 1842 1385 1887 quaedam
1405 1851 1521 1886 opera
1540 1851 1623 1886 quae
1642 1838 1764 1875 homi-

986 1900 1072 1925 nem
1107 1892 1278 1925 sanctum
1318 1888 1542 1932 ostendunt,
1580 1887 1646 1923 sed
1688 1897 1764 1922 non

985 1937 1147 1980 faciunt3
1180 1937 1275 1972 sicut
1301 1939 1389 1972 sunt
1415 1945 1531 1981 opera
1564 1934 1764 1970 miraculo-

985 1995 1082 2028 rum,
1109 1994 1191 2029 quae
1225 1983 1337 2019 etiam
1369 1982 1570 2028 aliquando
1600 1981 1687 2017 mali
1710 1980 1764 2016 fa-

985 2031 1087 2067 ciunt
1118 2030 1254 2066 virtute
1287 2030 1389 2066 fidei.
1418 2029 1501 2065 Alia
1533 2033 1621 2064 sunt
1650 2038 1766 2074 opera

985 2089 1068 2125 qnae
1090 2082 1261 2114 sanctum
1283 2077 1437 2120 faciunt,
1456 2077 1521 2112 sed
1542 2087 1617 2112 non
1638 2079 1763 2111 osten-

985 2127 1096 2169 dunt;
1112 2125 1205 2161 sicut
1221 2128 1276 2160 est
1288 2123 1508 2169 simplicitas
1523 2127 1559 2159 et
1572 2123 1764 2158 humilitas

985 2176 1200 2209 sanctorum
1228 2171 1444 2215 hominum,
1470 2174 1506 2206 et
1530 2174 1665 2206 ceterae
1690 2169 1763 2204 vir-

984 2224 1082 2256 tutes
1117 2230 1259 2261 eorum,
1283 2230 1366 2265 quae
1396 2218 1537 2254 faciunt
1572 2216 1765 2253 hominem

986 2271 1157 2303 sanctum
1171 2276 1297 2302 coram
1313 2268 1401 2307 Deo,
1416 2266 1482 2301 sed
1495 2275 1593 2311 saepe
1605 2264 1767 2300 reddunt

986 2314 1252 2360 despicabilem
1269 2324 1395 2349 coram
1412 2312 1567 2348 mundo.
1583 2311 1666 2347 Alia
1681 2314 1768 2346 sunt

987 2372 1101 2408 opera
1116 2372 1199 2407 quae
1215 2360 1407 2396 hominem
1423 2363 1593 2395 sanctum
1608 2357 1767 2401 faciunt,

987 2414 1023 2445 et
1041 2409 1270 2450 ostendunt;
1297 2407 1391 2443 sicut
1412 2410 1501 2442 sunt
1523 2416 1637 2451 opera
1654 2405 1770 2451 pieta-

988 2456 1050 2499 tis,
1073 2466 1157 2501 quae
1185 2466 1227 2491 ex
1249 2454 1406 2490 caritate
1428 2454 1536 2489 fiunt.
1560 2473 1602 2478 —
1624 2453 1768 2488 Secun-

989 2503 1079 2538 dum
1106 2501 1255 2547 signum
1281 2505 1351 2545 est,
1377 2501 1478 2546 quod
1510 2510 1598 2535 oves
1631 2498 1767 2534 Christi

991 2549 1085 2593 sint,
1115 2549 1265 2594 quando
1303 2558 1432 2584 vocem
1468 2548 1548 2592 ejus
1586 2545 1767 2587 audinum

990 2596 1089 2632 unde
1112 2596 1172 2632 hic
1195 2595 1370 2631 subditur
1392 2606 1400 2630 ε
1424 2595 1512 2630 Oves
1538 2604 1624 2628 τηρεε
1650 2602 1767 2627 vocem

992 2654 1106 2679 meam
1131 2643 1301 2678 audiunt.
1324 2644 1492 2686 Quatuor
1515 2644 1640 2676 autem
1661 2649 1770 2673 voces

993 2690 1064 2726 iste
1078 2694 1206 2736 pastor
1226 2690 1290 2725 dat
1304 2689 1435 2725 ovibus
1456 2687 1532 2723 suis
1551 2698 1558 2722 :
1576 2688 1696 2732 prima
1715 2689 1772 2738 est

997 2738 1158 2774 exteri0r
1172 2736 1402 2780 exhortati03
1424 2734 1602 2777 secunda,
1619 2733 1776 2769 interior

997 2784 1195 2830 inspiratio
1216 2796 1224 2825 ;
1258 2783 1370 2820 tertia
1411 2786 1468 2818 est
1506 2779 1775 2817 beneficiorum
