<?xml version="1.0" encoding="UTF-8"?>
<!DOCTYPE html PUBLIC "-//W3C//DTD XHTML 1.0 Transitional//EN"
    "http://www.w3.org/TR/xhtml1/DTD/xhtml1-transitional.dtd">
<html xmlns="http://www.w3.org/1999/xhtml" xml:lang="en" lang="en">
 <head>
  <title>
</title>
<meta http-equiv="Content-Type" content="text/html;charset=utf-8" />
  <meta name='ocr-system' content='tesseract 3.04.00' />
  <meta name='ocr-capabilities' content='ocr_page ocr_carea ocr_par ocr_line ocrx_word'/>
</head>
<body>
  <div class='ocr_page' id='page_1' title='image "./vitajesuchristie02ludouoft_0158.png"; bbox 0 0 1894 3186; ppageno 0'>
   <div class='ocr_carea' id='block_1_1' title="bbox 120 185 916 223">
    <p class='ocr_par' dir='ltr' id='par_1_1' title="bbox 120 185 916 223">
     <span class='ocr_line' id='line_1_1' title="bbox 120 185 916 223; baseline 0.005 -4"><span class='ocrx_word' id='word_1_1' title='bbox 120 185 175 219; x_wconf 85' lang='lat'>150</span> <span class='ocrx_word' id='word_1_2' title='bbox 581 185 724 220; x_wconf 79' lang='lat' dir='ltr'><strong>PRIMAE</strong></span> <span class='ocrx_word' id='word_1_3' title='bbox 762 188 916 223; x_wconf 78' lang='lat' dir='ltr'>PARTIS</span> 
     </span>
    </p>
   </div>
   <div class='ocr_carea' id='block_1_2' title="bbox 114 253 890 536">
    <p class='ocr_par' dir='ltr' id='par_1_2' title="bbox 114 253 890 536">
     <span class='ocr_line' id='line_1_2' title="bbox 114 253 885 303; baseline 0.003 -12"><span class='ocrx_word' id='word_1_4' title='bbox 114 253 230 291; x_wconf 82' lang='lat' dir='ltr'>medio</span> <span class='ocrx_word' id='word_1_5' title='bbox 245 253 442 298; x_wconf 75' lang='lat' dir='ltr'>justorum.</span> <span class='ocrx_word' id='word_1_6' title='bbox 464 253 492 290; x_wconf 91' lang='lat' dir='ltr'>O</span> <span class='ocrx_word' id='word_1_7' title='bbox 514 264 628 300; x_wconf 87' lang='lat' dir='ltr'>quam</span> <span class='ocrx_word' id='word_1_8' title='bbox 652 256 748 292; x_wconf 88' lang='lat' dir='ltr'>dura</span> <span class='ocrx_word' id='word_1_9' title='bbox 773 267 885 303; x_wconf 87' lang='lat' dir='ltr'>sepa-</span> 
     </span>
     <span class='ocr_line' id='line_1_3' title="bbox 114 299 890 347; baseline 0.001 -9"><span class='ocrx_word' id='word_1_10' title='bbox 114 299 211 338; x_wconf 80' lang='lat' dir='ltr'><strong>ratio</strong></span> <span class='ocrx_word' id='word_1_11' title='bbox 224 299 360 346; x_wconf 83' lang='lat' dir='ltr'>quippe</span> <span class='ocrx_word' id='word_1_12' title='bbox 375 299 483 337; x_wconf 88' lang='lat' dir='ltr'>malis</span> <span class='ocrx_word' id='word_1_13' title='bbox 498 312 507 346; x_wconf 81' lang='lat'><em>3</em></span> <span class='ocrx_word' id='word_1_14' title='bbox 528 301 616 347; x_wconf 88' lang='lat' dir='ltr'>quia</span> <span class='ocrx_word' id='word_1_15' title='bbox 628 301 890 341; x_wconf 85' lang='lat' dir='ltr'>irremediabi—</span> 
     </span>
     <span class='ocr_line' id='line_1_4' title="bbox 116 347 887 396; baseline 0.001 -10"><span class='ocrx_word' id='word_1_16' title='bbox 116 347 176 393; x_wconf 87' lang='grc'>115,</span> <span class='ocrx_word' id='word_1_17' title='bbox 197 348 285 394; x_wconf 88' lang='lat' dir='ltr'>quia</span> <span class='ocrx_word' id='word_1_18' title='bbox 304 347 575 385; x_wconf 82' lang='lat' dir='ltr'>irrevocabilis!</span> <span class='ocrx_word' id='word_1_19' title='bbox 593 351 642 386; x_wconf 80' lang='lat' dir='ltr'>Et</span> <span class='ocrx_word' id='word_1_20' title='bbox 659 352 800 388; x_wconf 75' lang='lat' dir='ltr'>mittent</span> <span class='ocrx_word' id='word_1_21' title='bbox 818 362 887 396; x_wconf 77' lang='lat' dir='ltr'>eos,</span> 
     </span>
     <span class='ocr_line' id='line_1_5' title="bbox 115 394 890 442; baseline 0.003 -10"><span class='ocrx_word' id='word_1_22' title='bbox 115 394 257 432; x_wconf 86' lang='lat' dir='ltr'>scilicet</span> <span class='ocrx_word' id='word_1_23' title='bbox 276 395 458 440; x_wconf 82' lang='lat' dir='ltr'>malos,in</span> <span class='ocrx_word' id='word_1_24' title='bbox 471 397 651 432; x_wconf 80' lang='lat' dir='ltr'>caminum</span> <span class='ocrx_word' id='word_1_25' title='bbox 663 399 760 442; x_wconf 62' lang='lat' dir='ltr'>ignis</span> <span class='ocrx_word' id='word_1_26' title='bbox 779 398 890 434; x_wconf 86' lang='lat' dir='ltr'>infer-</span> 
     </span>
     <span class='ocr_line' id='line_1_6' title="bbox 114 442 889 490; baseline 0.003 -11"><span class='ocrx_word' id='word_1_27' title='bbox 114 442 167 488; x_wconf 90' lang='lat' dir='ltr'>ni,</span> <span class='ocrx_word' id='word_1_28' title='bbox 193 442 394 478; x_wconf 80' lang='lat' dir='ltr'>torrendos</span> <span class='ocrx_word' id='word_1_29' title='bbox 439 445 475 479; x_wconf 92' lang='lat' dir='ltr'>et</span> <span class='ocrx_word' id='word_1_30' title='bbox 500 442 752 490; x_wconf 81' lang='lat' dir='ltr'>exsiccandos,</span> <span class='ocrx_word' id='word_1_31' title='bbox 775 448 811 481; x_wconf 87' lang='lat' dir='ltr'>et</span> <span class='ocrx_word' id='word_1_32' title='bbox 836 445 889 481; x_wconf 86' lang='grc'>516</span> 
     </span>
     <span class='ocr_line' id='line_1_7' title="bbox 115 488 887 536; baseline 0.001 -9"><span class='ocrx_word' id='word_1_33' title='bbox 115 488 281 527; x_wconf 81' lang='lat' dir='ltr'>Ecclesia</span> <span class='ocrx_word' id='word_1_34' title='bbox 300 493 457 536; x_wconf 85' lang='lat' dir='ltr'>purgata</span> <span class='ocrx_word' id='word_1_35' title='bbox 477 490 658 527; x_wconf 81' lang='lat' dir='ltr'>offeretur</span> <span class='ocrx_word' id='word_1_36' title='bbox 682 493 759 528; x_wconf 91' lang='lat' dir='ltr'>Deo</span> <span class='ocrx_word' id='word_1_37' title='bbox 786 493 887 528; x_wconf 79' lang='lat' dir='ltr'>Patri</span> 
     </span>
    </p>
   </div>
   <div class='ocr_carea' id='block_1_3' title="bbox 114 536 923 584">
    <p class='ocr_par' dir='ltr' id='par_1_3' title="bbox 114 536 923 584">
     <span class='ocr_line' id='line_1_8' title="bbox 114 536 923 584; baseline 0.004 -12"><span class='ocrx_word' id='word_1_38' title='bbox 114 536 195 573; x_wconf 90' lang='lat' dir='ltr'>sine</span> <span class='ocrx_word' id='word_1_39' title='bbox 216 537 362 573; x_wconf 85' lang='lat' dir='ltr'>macula</span> <span class='ocrx_word' id='word_1_40' title='bbox 381 540 418 573; x_wconf 86' lang='lat' dir='ltr'>et</span> <span class='ocrx_word' id='word_1_41' title='bbox 434 548 527 584; x_wconf 84' lang='lat' dir='ltr'>ruga</span> <span class='ocrx_word' id='word_1_42' title='bbox 545 549 554 582; x_wconf 90' lang='lat'>;</span> <span class='ocrx_word' id='word_1_43' title='bbox 578 540 666 574; x_wconf 87' lang='lat' dir='ltr'>tunc</span> <span class='ocrx_word' id='word_1_44' title='bbox 683 539 783 575; x_wconf 88' lang='lat' dir='ltr'>enim</span> <span class='ocrx_word' id='word_1_45' title='bbox 797 539 887 576; x_wconf 88' lang='lat' dir='ltr'>boni</span> <span class='ocrx_word' id='word_1_46' title='bbox 920 545 923 554; x_wconf 72' lang='lat'>·‘</span> 
     </span>
    </p>
   </div>
   <div class='ocr_carea' id='block_1_4' title="bbox 113 584 889 725">
    <p class='ocr_par' dir='ltr' id='par_1_4' title="bbox 113 584 889 725">
     <span class='ocr_line' id='line_1_9' title="bbox 114 584 885 622; baseline 0.001 -1"><span class='ocrx_word' id='word_1_47' title='bbox 114 584 312 621; x_wconf 76' lang='lat' dir='ltr'>mittentur</span> <span class='ocrx_word' id='word_1_48' title='bbox 339 586 378 620; x_wconf 81' lang='lat' dir='ltr'>in</span> <span class='ocrx_word' id='word_1_49' title='bbox 406 595 496 620; x_wconf 77' lang='lat' dir='ltr'>vasa</span> <span class='ocrx_word' id='word_1_50' title='bbox 516 585 724 622; x_wconf 84' lang='lat' dir='ltr'>coelestium</span> <span class='ocrx_word' id='word_1_51' title='bbox 745 586 885 622; x_wconf 87' lang='lat' dir='ltr'>mansi-</span> 
     </span>
     <span class='ocr_line' id='line_1_10' title="bbox 114 631 889 678; baseline 0.003 -11"><span class='ocrx_word' id='word_1_52' title='bbox 114 642 240 673; x_wconf 85' lang='lat' dir='ltr'>onum,</span> <span class='ocrx_word' id='word_1_53' title='bbox 267 631 376 667; x_wconf 84' lang='lat' dir='ltr'>malis</span> <span class='ocrx_word' id='word_1_54' title='bbox 396 631 578 678; x_wconf 85' lang='lat' dir='ltr'>separatis</span> <span class='ocrx_word' id='word_1_55' title='bbox 597 636 634 668; x_wconf 87' lang='lat' dir='ltr'>et</span> <span class='ocrx_word' id='word_1_56' title='bbox 656 632 816 669; x_wconf 84' lang='lat' dir='ltr'>detrusis</span> <span class='ocrx_word' id='word_1_57' title='bbox 848 633 889 669; x_wconf 90' lang='lat' dir='ltr'>in</span> 
     </span>
     <span class='ocr_line' id='line_1_11' title="bbox 113 677 888 725; baseline 0.003 -11"><span class='ocrx_word' id='word_1_58' title='bbox 113 677 313 714; x_wconf 82' lang='lat' dir='ltr'>infernum.</span> <span class='ocrx_word' id='word_1_59' title='bbox 326 678 397 722; x_wconf 82' lang='lat' dir='ltr'>Sic,</span> <span class='ocrx_word' id='word_1_60' title='bbox 409 678 630 714; x_wconf 86' lang='lat' dir='ltr'>introductis</span> <span class='ocrx_word' id='word_1_61' title='bbox 644 679 888 725; x_wconf 73' lang='lat' dir='ltr'>prudentibus</span> 
     </span>
    </p>
   </div>
   <div class='ocr_carea' id='block_1_5' title="bbox 112 724 921 779">
    <p class='ocr_par' dir='ltr' id='par_1_5' title="bbox 112 724 921 779">
     <span class='ocr_line' id='line_1_12' title="bbox 112 724 921 779; baseline 0.002 -18"><span class='ocrx_word' id='word_1_62' title='bbox 112 724 332 779; x_wconf 75' lang='lat' dir='ltr'>virginibus,</span> <span class='ocrx_word' id='word_1_63' title='bbox 356 731 392 760; x_wconf 89' lang='lat' dir='ltr'>et</span> <span class='ocrx_word' id='word_1_64' title='bbox 415 726 571 761; x_wconf 74' lang='lat' dir='ltr'>exclusis</span> <span class='ocrx_word' id='word_1_65' title='bbox 593 726 715 771; x_wconf 67' lang='lat' dir='ltr'>fatuis,</span> <span class='ocrx_word' id='word_1_66' title='bbox 733 727 882 763; x_wconf 82' lang='lat' dir='ltr'>claude·</span> <span class='ocrx_word' id='word_1_67' title='bbox 920 735 921 749; x_wconf 66' lang='lat'>¹</span> 
     </span>
    </p>
   </div>
   <div class='ocr_carea' id='block_1_6' title="bbox 106 771 888 2183">
    <p class='ocr_par' dir='ltr' id='par_1_6' title="bbox 107 771 888 1429">
     <span class='ocr_line' id='line_1_13' title="bbox 110 771 886 818; baseline 0.004 -11"><span class='ocrx_word' id='word_1_68' title='bbox 110 774 172 808; x_wconf 89' lang='lat' dir='ltr'>tur</span> <span class='ocrx_word' id='word_1_69' title='bbox 186 782 305 818; x_wconf 82' lang='lat' dir='ltr'>Janua</span> <span class='ocrx_word' id='word_1_70' title='bbox 322 771 429 817; x_wconf 79' lang='lat' dir='ltr'>regni</span> <span class='ocrx_word' id='word_1_71' title='bbox 454 772 627 808; x_wconf 82' lang='lat' dir='ltr'>coelestis.</span> <span class='ocrx_word' id='word_1_72' title='bbox 649 775 694 808; x_wconf 86' lang='lat' dir='ltr'>Et</span> <span class='ocrx_word' id='word_1_73' title='bbox 714 774 886 810; x_wconf 77' lang='lat' dir='ltr'>subditur</span> 
     </span>
     <span class='ocr_line' id='line_1_14' title="bbox 110 818 883 866; baseline 0.004 -12"><span class='ocrx_word' id='word_1_74' title='bbox 110 819 157 855; x_wconf 90' lang='lat' dir='ltr'>de</span> <span class='ocrx_word' id='word_1_75' title='bbox 183 818 305 866; x_wconf 87' lang='lat' dir='ltr'>poenis</span> <span class='ocrx_word' id='word_1_76' title='bbox 349 819 546 856; x_wconf 84' lang='lat' dir='ltr'>malorum.</span> <span class='ocrx_word' id='word_1_77' title='bbox 589 830 674 855; x_wconf 88' lang='lat' dir='ltr'>cum</span> <span class='ocrx_word' id='word_1_78' title='bbox 711 820 850 857; x_wconf 86' lang='lat' dir='ltr'>dicitur</span> <span class='ocrx_word' id='word_1_79' title='bbox 875 833 883 857; x_wconf 78' lang='lat' dir='ltr'>z</span> 
     </span>
     <span class='ocr_line' id='line_1_15' title="bbox 110 865 888 911; baseline 0.001 -9"><span class='ocrx_word' id='word_1_80' title='bbox 110 866 166 902; x_wconf 84' lang='lat' dir='ltr'>Ibi</span> <span class='ocrx_word' id='word_1_81' title='bbox 186 869 251 902; x_wconf 76' lang='lat' dir='ltr'>erit</span> <span class='ocrx_word' id='word_1_82' title='bbox 271 868 386 910; x_wconf 75' lang='lat' dir='ltr'>fletus,</span> <span class='ocrx_word' id='word_1_83' title='bbox 407 876 483 911; x_wconf 77' lang='lat' dir='ltr'>prae</span> <span class='ocrx_word' id='word_1_84' title='bbox 503 865 650 907; x_wconf 83' lang='lat' dir='ltr'>ardore,</span> <span class='ocrx_word' id='word_1_85' title='bbox 685 870 718 902; x_wconf 72' lang='lat' dir='ltr'>et</span> <span class='ocrx_word' id='word_1_86' title='bbox 750 868 888 904; x_wconf 71' lang='lat' dir='ltr'>stridor</span> 
     </span>
     <span class='ocr_line' id='line_1_16' title="bbox 109 912 883 958; baseline 0.003 -10"><span class='ocrx_word' id='word_1_87' title='bbox 109 913 284 956; x_wconf 73' lang='lat' dir='ltr'>dentium,</span> <span class='ocrx_word' id='word_1_88' title='bbox 307 923 384 958; x_wconf 61' lang='lat' dir='ltr'>prae</span> <span class='ocrx_word' id='word_1_89' title='bbox 408 912 558 958; x_wconf 83' lang='lat' dir='ltr'>frigore.</span> <span class='ocrx_word' id='word_1_90' title='bbox 578 914 678 948; x_wconf 79' lang='lat' dir='ltr'>Tunc</span> <span class='ocrx_word' id='word_1_91' title='bbox 691 924 774 949; x_wconf 87' lang='lat' dir='ltr'>sero</span> <span class='ocrx_word' id='word_1_92' title='bbox 796 915 883 951; x_wconf 88' lang='lat' dir='ltr'>mali</span> 
     </span>
     <span class='ocr_line' id='line_1_17' title="bbox 111 959 879 1005; baseline 0.004 -10"><span class='ocrx_word' id='word_1_93' title='bbox 111 960 345 1005; x_wconf 80' lang='lat' dir='ltr'>poenitebunt</span> <span class='ocrx_word' id='word_1_94' title='bbox 368 962 403 994; x_wconf 90' lang='lat' dir='ltr'>et</span> <span class='ocrx_word' id='word_1_95' title='bbox 430 959 687 1005; x_wconf 76' lang='lat' dir='ltr'>ingemiscent,</span> <span class='ocrx_word' id='word_1_96' title='bbox 718 972 801 997; x_wconf 77' lang='lat' dir='ltr'>sero</span> <span class='ocrx_word' id='word_1_97' title='bbox 828 964 879 998; x_wconf 85' lang='lat' dir='ltr'>si—</span> 
     </span>
     <span class='ocr_line' id='line_1_18' title="bbox 110 1005 879 1053; baseline 0.004 -11"><span class='ocrx_word' id='word_1_98' title='bbox 110 1006 240 1052; x_wconf 85' lang='lat' dir='ltr'>biipsis</span> <span class='ocrx_word' id='word_1_99' title='bbox 265 1005 472 1042; x_wconf 69' lang='lat' dir='ltr'>irascentur</span> <span class='ocrx_word' id='word_1_100' title='bbox 504 1009 540 1042; x_wconf 88' lang='lat' dir='ltr'>et</span> <span class='ocrx_word' id='word_1_101' title='bbox 570 1006 879 1053; x_wconf 84' lang='lat' dir='ltr'>indignabuntur,</span> 
     </span>
     <span class='ocr_line' id='line_1_19' title="bbox 111 1053 885 1100; baseline 0.005 -12"><span class='ocrx_word' id='word_1_102' title='bbox 111 1054 211 1099; x_wconf 85' lang='lat' dir='ltr'>quod</span> <span class='ocrx_word' id='word_1_103' title='bbox 234 1057 311 1088; x_wconf 93' lang='lat' dir='ltr'>tam</span> <span class='ocrx_word' id='word_1_104' title='bbox 333 1053 512 1100; x_wconf 77' lang='lat' dir='ltr'>pertinaci</span> <span class='ocrx_word' id='word_1_105' title='bbox 532 1053 769 1099; x_wconf 79' lang='lat' dir='ltr'>improbitate</span> <span class='ocrx_word' id='word_1_106' title='bbox 791 1056 885 1092; x_wconf 89' lang='lat' dir='ltr'>deli-</span> 
     </span>
     <span class='ocr_line' id='line_1_20' title="bbox 112 1100 884 1146; baseline 0.004 -10"><span class='ocrx_word' id='word_1_107' title='bbox 112 1100 274 1146; x_wconf 84' lang='lat' dir='ltr'>querint.</span> <span class='ocrx_word' id='word_1_108' title='bbox 296 1101 434 1146; x_wconf 82' lang='lat' dir='ltr'>Aperte</span> <span class='ocrx_word' id='word_1_109' title='bbox 454 1100 492 1136; x_wconf 90' lang='lat' dir='ltr'>in</span> <span class='ocrx_word' id='word_1_110' title='bbox 510 1101 637 1137; x_wconf 88' lang='lat' dir='ltr'>multis</span> <span class='ocrx_word' id='word_1_111' title='bbox 658 1102 748 1138; x_wconf 84' lang='lat' dir='ltr'>locis</span> <span class='ocrx_word' id='word_1_112' title='bbox 768 1114 884 1139; x_wconf 64' lang='lat' dir='ltr'>sacrae</span> 
     </span>
     <span class='ocr_line' id='line_1_21' title="bbox 111 1147 883 1194; baseline 0.004 -11"><span class='ocrx_word' id='word_1_113' title='bbox 111 1147 312 1194; x_wconf 83' lang='lat' dir='ltr'>Scripturae</span> <span class='ocrx_word' id='word_1_114' title='bbox 333 1147 468 1183; x_wconf 89' lang='lat' dir='ltr'>dicitur</span> <span class='ocrx_word' id='word_1_115' title='bbox 487 1147 533 1183; x_wconf 91' lang='lat' dir='ltr'>de</span> <span class='ocrx_word' id='word_1_116' title='bbox 551 1149 750 1185; x_wconf 88' lang='lat' dir='ltr'>tormentis</span> <span class='ocrx_word' id='word_1_117' title='bbox 767 1151 883 1186; x_wconf 87' lang='lat' dir='ltr'>malo-</span> 
     </span>
     <span class='ocr_line' id='line_1_22' title="bbox 111 1194 888 1242; baseline 0.004 -11"><span class='ocrx_word' id='word_1_118' title='bbox 111 1204 208 1239; x_wconf 84' lang='lat' dir='ltr'>rum,</span> <span class='ocrx_word' id='word_1_119' title='bbox 231 1205 278 1230; x_wconf 93' lang='lat' dir='ltr'>ne</span> <span class='ocrx_word' id='word_1_120' title='bbox 301 1194 383 1240; x_wconf 83' lang='lat' dir='ltr'>quis</span> <span class='ocrx_word' id='word_1_121' title='bbox 404 1205 443 1230; x_wconf 92' lang='lat' dir='ltr'>se</span> <span class='ocrx_word' id='word_1_122' title='bbox 463 1198 611 1230; x_wconf 77' lang='lat' dir='ltr'>excuset</span> <span class='ocrx_word' id='word_1_123' title='bbox 630 1206 697 1241; x_wconf 87' lang='lat' dir='ltr'>per</span> <span class='ocrx_word' id='word_1_124' title='bbox 713 1196 888 1242; x_wconf 85' lang='lat' dir='ltr'>ignoran-</span> 
     </span>
     <span class='ocr_line' id='line_1_23' title="bbox 110 1240 886 1290; baseline 0.004 -13"><span class='ocrx_word' id='word_1_125' title='bbox 110 1240 218 1283; x_wconf 86' lang='lat' dir='ltr'>tiam,</span> <span class='ocrx_word' id='word_1_126' title='bbox 240 1246 277 1277; x_wconf 92' lang='lat' dir='ltr'>et</span> <span class='ocrx_word' id='word_1_127' title='bbox 299 1242 408 1277; x_wconf 90' lang='lat' dir='ltr'>toties</span> <span class='ocrx_word' id='word_1_128' title='bbox 436 1248 777 1279; x_wconf 82' lang='lat' dir='ltr'>commemorantur</span> <span class='ocrx_word' id='word_1_129' title='bbox 803 1255 886 1290; x_wconf 87' lang='lat' dir='ltr'>sup-</span> 
     </span>
     <span class='ocr_line' id='line_1_24' title="bbox 107 1288 883 1333; baseline 0.005 -10"><span class='ocrx_word' id='word_1_130' title='bbox 107 1288 221 1333; x_wconf 86' lang='lat' dir='ltr'>plicia</span> <span class='ocrx_word' id='word_1_131' title='bbox 234 1289 472 1333; x_wconf 74' lang='lat' dir='ltr'>gehennalia,</span> <span class='ocrx_word' id='word_1_132' title='bbox 489 1288 528 1324; x_wconf 90' lang='lat' dir='ltr'>in</span> <span class='ocrx_word' id='word_1_133' title='bbox 542 1290 664 1325; x_wconf 84' lang='lat' dir='ltr'>Veteri</span> <span class='ocrx_word' id='word_1_134' title='bbox 683 1295 717 1326; x_wconf 84' lang='lat' dir='ltr'>et</span> <span class='ocrx_word' id='word_1_135' title='bbox 730 1291 765 1326; x_wconf 89' lang='lat' dir='ltr'>in</span> <span class='ocrx_word' id='word_1_136' title='bbox 783 1293 883 1327; x_wconf 75' lang='lat' dir='ltr'>Novo</span> 
     </span>
     <span class='ocr_line' id='line_1_25' title="bbox 111 1335 885 1379; baseline 0.004 -8"><span class='ocrx_word' id='word_1_137' title='bbox 111 1336 360 1379; x_wconf 60' lang='lat' dir='ltr'>Testamenta,</span> <span class='ocrx_word' id='word_1_138' title='bbox 376 1339 417 1372; x_wconf 84' lang='lat' dir='ltr'>ut</span> <span class='ocrx_word' id='word_1_139' title='bbox 436 1335 603 1372; x_wconf 78' lang='lat' dir='ltr'>sitiamus</span> <span class='ocrx_word' id='word_1_140' title='bbox 618 1340 654 1372; x_wconf 84' lang='lat' dir='ltr'>et</span> <span class='ocrx_word' id='word_1_141' title='bbox 667 1338 885 1374; x_wconf 78' lang='lat' dir='ltr'>anhelemus</span> 
     </span>
     <span class='ocr_line' id='line_1_26' title="bbox 110 1382 512 1429; baseline 0.002 -12"><span class='ocrx_word' id='word_1_142' title='bbox 110 1382 157 1418; x_wconf 85' lang='lat' dir='ltr'>ad</span> <span class='ocrx_word' id='word_1_143' title='bbox 177 1383 313 1429; x_wconf 84' lang='lat' dir='ltr'>gaudia</span> <span class='ocrx_word' id='word_1_144' title='bbox 334 1383 512 1419; x_wconf 79' lang='lat' dir='ltr'>coelestia.</span> 
     </span>
    </p>

    <p class='ocr_par' dir='ltr' id='par_1_7' title="bbox 106 1431 883 2183">
     <span class='ocr_line' id='line_1_27' title="bbox 159 1431 881 1476; baseline 0.003 -10"><span class='ocrx_word' id='word_1_145' title='bbox 159 1443 198 1476; x_wconf 87' lang='lat'>17</span> <span class='ocrx_word' id='word_1_146' title='bbox 241 1431 425 1465; x_wconf 66' lang='lat' dir='ltr'>Docroiffis</span> <span class='ocrx_word' id='word_1_147' title='bbox 462 1441 534 1465; x_wconf 60' lang='lat' dir='ltr'>Nox</span> <span class='ocrx_word' id='word_1_148' title='bbox 576 1442 711 1466; x_wconf 68' lang='lat' dir='ltr'>DEBENT</span> <span class='ocrx_word' id='word_1_149' title='bbox 752 1444 881 1468; x_wconf 63' lang='grc'>..16011111</span> 
     </span>
     <span class='ocr_line' id='line_1_28' title="bbox 107 1478 880 1519; baseline 0.004 -7"><span class='ocrx_word' id='word_1_150' title='bbox 107 1487 262 1519; x_wconf 70' lang='lat' dir='ltr'>TANTUM,</span> <span class='ocrx_word' id='word_1_151' title='bbox 277 1489 338 1511; x_wconf 74' lang='grc'>561)</span> <span class='ocrx_word' id='word_1_152' title='bbox 359 1488 399 1511; x_wconf 78' lang='lat' dir='ltr'>ET</span> <span class='ocrx_word' id='word_1_153' title='bbox 420 1488 664 1512; x_wconf 64' lang='lat' dir='ltr'>IN‘l‘ELLiean.</span> <span class='ocrx_word' id='word_1_154' title='bbox 677 1499 721 1504; x_wconf 90' lang='lat'><strong>—</strong></span> <span class='ocrx_word' id='word_1_155' title='bbox 737 1478 880 1515; x_wconf 73' lang='lat' dir='ltr'>Deinde</span> 
     </span>
     <span class='ocr_line' id='line_1_29' title="bbox 111 1523 883 1570; baseline 0.004 -12"><span class='ocrx_word' id='word_1_156' title='bbox 111 1523 260 1570; x_wconf 88' lang='lat' dir='ltr'>ponitur</span> <span class='ocrx_word' id='word_1_157' title='bbox 277 1523 466 1558; x_wconf 87' lang='lat' dir='ltr'>conclusio</span> <span class='ocrx_word' id='word_1_158' title='bbox 485 1523 701 1569; x_wconf 86' lang='lat' dir='ltr'>principalis</span> <span class='ocrx_word' id='word_1_159' title='bbox 725 1536 732 1560; x_wconf 89' lang='lat'>:</span> <span class='ocrx_word' id='word_1_160' title='bbox 752 1526 799 1561; x_wconf 88' lang='lat' dir='ltr'>ad</span> <span class='ocrx_word' id='word_1_161' title='bbox 814 1527 883 1561; x_wconf 88' lang='lat' dir='ltr'>hoc</span> 
     </span>
     <span class='ocr_line' id='line_1_30' title="bbox 108 1569 880 1618; baseline 0.004 -13"><span class='ocrx_word' id='word_1_162' title='bbox 108 1570 209 1606; x_wconf 86' lang='lat' dir='ltr'>enim</span> <span class='ocrx_word' id='word_1_163' title='bbox 229 1569 267 1605; x_wconf 88' lang='lat' dir='ltr'>in</span> <span class='ocrx_word' id='word_1_164' title='bbox 287 1569 474 1616; x_wconf 59' lang='lat' dir='ltr'>praemetis</span> <span class='ocrx_word' id='word_1_165' title='bbox 502 1571 690 1616; x_wconf 87' lang='lat' dir='ltr'>parabolis</span> <span class='ocrx_word' id='word_1_166' title='bbox 708 1573 880 1618; x_wconf 84' lang='lat' dir='ltr'>praescri-</span> 
     </span>
     <span class='ocr_line' id='line_1_31' title="bbox 110 1618 880 1664; baseline 0.003 -11"><span class='ocrx_word' id='word_1_167' title='bbox 110 1620 195 1664; x_wconf 87' lang='lat' dir='ltr'>ptus</span> <span class='ocrx_word' id='word_1_168' title='bbox 221 1620 277 1653; x_wconf 86' lang='lat' dir='ltr'>est</span> <span class='ocrx_word' id='word_1_169' title='bbox 300 1627 497 1663; x_wconf 85' lang='lat' dir='ltr'>processus</span> <span class='ocrx_word' id='word_1_170' title='bbox 523 1618 696 1655; x_wconf 68' lang='lat' dir='ltr'>Ecclesiae</span> <span class='ocrx_word' id='word_1_171' title='bbox 718 1619 880 1655; x_wconf 85' lang='lat' dir='ltr'>militan-</span> 
     </span>
     <span class='ocr_line' id='line_1_32' title="bbox 108 1663 880 1712; baseline 0.004 -12"><span class='ocrx_word' id='word_1_172' title='bbox 108 1664 170 1708; x_wconf 89' lang='lat' dir='ltr'>tis,</span> <span class='ocrx_word' id='word_1_173' title='bbox 189 1666 230 1701; x_wconf 87' lang='lat' dir='ltr'>ut</span> <span class='ocrx_word' id='word_1_174' title='bbox 247 1663 429 1710; x_wconf 86' lang='lat' dir='ltr'>Apostoli,</span> <span class='ocrx_word' id='word_1_175' title='bbox 452 1663 515 1709; x_wconf 83' lang='lat' dir='ltr'>qui</span> <span class='ocrx_word' id='word_1_176' title='bbox 536 1668 642 1700; x_wconf 83' lang='lat' dir='ltr'>erant</span> <span class='ocrx_word' id='word_1_177' title='bbox 660 1666 776 1712; x_wconf 87' lang='lat' dir='ltr'>ipsius</span> <span class='ocrx_word' id='word_1_178' title='bbox 797 1667 880 1703; x_wconf 82' lang='lat' dir='ltr'>sun-</span> 
     </span>
     <span class='ocr_line' id='line_1_33' title="bbox 106 1711 879 1760; baseline 0.004 -13"><span class='ocrx_word' id='word_1_179' title='bbox 106 1711 256 1747; x_wconf 86' lang='lat' dir='ltr'>datores</span> <span class='ocrx_word' id='word_1_180' title='bbox 287 1715 370 1756; x_wconf 88' lang='lat' dir='ltr'>post</span> <span class='ocrx_word' id='word_1_181' title='bbox 398 1711 599 1753; x_wconf 85' lang='lat' dir='ltr'>Christum,</span> <span class='ocrx_word' id='word_1_182' title='bbox 628 1712 879 1760; x_wconf 75' lang='lat' dir='ltr'>intelligerent</span> 
     </span>
     <span class='ocr_line' id='line_1_34' title="bbox 107 1758 879 1806; baseline 0.004 -12"><span class='ocrx_word' id='word_1_183' title='bbox 107 1758 322 1804; x_wconf 67' lang='lat' dir='ltr'>huiusmodi</span> <span class='ocrx_word' id='word_1_184' title='bbox 345 1769 574 1803; x_wconf 87' lang='lat' dir='ltr'>processum.</span> <span class='ocrx_word' id='word_1_185' title='bbox 598 1760 700 1796; x_wconf 82' lang='lat' dir='ltr'>Unde</span> <span class='ocrx_word' id='word_1_186' title='bbox 722 1762 879 1806; x_wconf 73' lang='lat' dir='ltr'>subjun-</span> 
     </span>
     <span class='ocr_line' id='line_1_35' title="bbox 107 1805 879 1851; baseline 0.004 -11"><span class='ocrx_word' id='word_1_187' title='bbox 107 1805 208 1851; x_wconf 83' lang='lat' dir='ltr'>gitur</span> <span class='ocrx_word' id='word_1_188' title='bbox 230 1816 238 1841; x_wconf 86' lang='lat'>:</span> <span class='ocrx_word' id='word_1_189' title='bbox 260 1807 501 1841; x_wconf 56' lang='grc' dir='ltr'>111161166613111ἲ</span> <span class='ocrx_word' id='word_1_190' title='bbox 521 1807 592 1840; x_wconf 68' lang='grc'>11666</span> <span class='ocrx_word' id='word_1_191' title='bbox 610 1809 732 1842; x_wconf 74' lang='lat' dir='ltr'>omnia</span> <span class='ocrx_word' id='word_1_192' title='bbox 747 1810 764 1843; x_wconf 79' lang='grc' dir='ltr'>ἱ)</span> <span class='ocrx_word' id='word_1_193' title='bbox 781 1808 879 1844; x_wconf 82' lang='lat' dir='ltr'>scili-</span> 
     </span>
     <span class='ocr_line' id='line_1_36' title="bbox 107 1852 875 1898; baseline 0.004 -10"><span class='ocrx_word' id='word_1_194' title='bbox 107 1855 167 1888; x_wconf 89' lang='lat' dir='ltr'>cet</span> <span class='ocrx_word' id='word_1_195' title='bbox 180 1852 378 1898; x_wconf 79' lang='lat' dir='ltr'>parabolas</span> <span class='ocrx_word' id='word_1_196' title='bbox 393 1852 603 1897; x_wconf 75' lang='lat' dir='ltr'>praedictas.</span> <span class='ocrx_word' id='word_1_197' title='bbox 622 1854 733 1897; x_wconf 86' lang='lat' dir='ltr'>Quasi</span> <span class='ocrx_word' id='word_1_198' title='bbox 751 1854 849 1891; x_wconf 89' lang='lat' dir='ltr'>dicat</span> <span class='ocrx_word' id='word_1_199' title='bbox 868 1868 875 1890; x_wconf 78' lang='grc' dir='ltr'><em>τ</em></span> 
     </span>
     <span class='ocr_line' id='line_1_37' title="bbox 109 1898 879 1944; baseline 0.006 -11"><span class='ocrx_word' id='word_1_200' title='bbox 109 1898 164 1934; x_wconf 87' lang='lat' dir='ltr'>Ad</span> <span class='ocrx_word' id='word_1_201' title='bbox 184 1909 249 1934; x_wconf 90' lang='lat' dir='ltr'>vos</span> <span class='ocrx_word' id='word_1_202' title='bbox 270 1898 652 1944; x_wconf 86' lang='lat' dir='ltr'>pertinetintelligere</span> <span class='ocrx_word' id='word_1_203' title='bbox 673 1911 749 1937; x_wconf 89' lang='lat' dir='ltr'>cas.</span> <span class='ocrx_word' id='word_1_204' title='bbox 775 1903 879 1938; x_wconf 85' lang='lat' dir='ltr'>Unde</span> 
     </span>
     <span class='ocr_line' id='line_1_38' title="bbox 110 1945 875 1993; baseline 0.004 -11"><span class='ocrx_word' id='word_1_205' title='bbox 110 1945 266 1982; x_wconf 72' lang='lat' dir='ltr'>Glossa:</span> <span class='ocrx_word' id='word_1_206' title='bbox 291 1959 309 1977; x_wconf 93' lang='lat'>«</span> <span class='ocrx_word' id='word_1_207' title='bbox 341 1946 395 1981; x_wconf 84' lang='lat' dir='ltr'>Ad</span> <span class='ocrx_word' id='word_1_208' title='bbox 426 1947 625 1991; x_wconf 88' lang='lat' dir='ltr'>Apostolos</span> <span class='ocrx_word' id='word_1_209' title='bbox 660 1948 703 1983; x_wconf 81' lang='lat' dir='ltr'>fit</span> <span class='ocrx_word' id='word_1_210' title='bbox 736 1959 875 1993; x_wconf 89' lang='lat' dir='ltr'>sermo,</span> 
     </span>
     <span class='ocr_line' id='line_1_39' title="bbox 108 1993 878 2042; baseline 0.005 -14"><span class='ocrx_word' id='word_1_211' title='bbox 108 2002 202 2038; x_wconf 90' lang='lat' dir='ltr'>quos</span> <span class='ocrx_word' id='word_1_212' title='bbox 221 2003 298 2028; x_wconf 90' lang='lat' dir='ltr'>non</span> <span class='ocrx_word' id='word_1_213' title='bbox 325 1995 469 2028; x_wconf 87' lang='lat' dir='ltr'>tantum</span> <span class='ocrx_word' id='word_1_214' title='bbox 488 1993 565 2029; x_wconf 89' lang='lat' dir='ltr'>vult</span> <span class='ocrx_word' id='word_1_215' title='bbox 584 1994 716 2031; x_wconf 88' lang='lat' dir='ltr'>audire</span> <span class='ocrx_word' id='word_1_216' title='bbox 744 2000 785 2031; x_wconf 91' lang='lat' dir='ltr'>ut</span> <span class='ocrx_word' id='word_1_217' title='bbox 810 2007 878 2042; x_wconf 93' lang='lat' dir='ltr'>po-</span> 
     </span>
     <span class='ocr_line' id='line_1_40' title="bbox 108 2039 881 2088; baseline 0.006 -14"><span class='ocrx_word' id='word_1_218' title='bbox 108 2039 227 2085; x_wconf 85' lang='lat' dir='ltr'>pulos,</span> <span class='ocrx_word' id='word_1_219' title='bbox 251 2039 317 2075; x_wconf 89' lang='lat' dir='ltr'>sed</span> <span class='ocrx_word' id='word_1_220' title='bbox 339 2043 375 2075; x_wconf 91' lang='lat' dir='ltr'>et</span> <span class='ocrx_word' id='word_1_221' title='bbox 390 2040 468 2085; x_wconf 75' lang='lat' dir='ltr'>Jam</span> <span class='ocrx_word' id='word_1_222' title='bbox 496 2039 716 2088; x_wconf 80' lang='lat' dir='ltr'>intelligere.</span> <span class='ocrx_word' id='word_1_223' title='bbox 746 2044 788 2078; x_wconf 84' lang='lat' dir='ltr'>Et</span> <span class='ocrx_word' id='word_1_224' title='bbox 825 2047 881 2079; x_wconf 88' lang='lat' dir='ltr'>est</span> 
     </span>
     <span class='ocr_line' id='line_1_41' title="bbox 108 2087 880 2137; baseline 0.008 -16"><span class='ocrx_word' id='word_1_225' title='bbox 108 2091 370 2132; x_wconf 83' lang='lat' dir='ltr'>argumentum</span> <span class='ocrx_word' id='word_1_226' title='bbox 393 2087 490 2132; x_wconf 83' lang='lat' dir='ltr'>quod</span> <span class='ocrx_word' id='word_1_227' title='bbox 511 2098 585 2124; x_wconf 87' lang='lat' dir='ltr'>non</span> <span class='ocrx_word' id='word_1_228' title='bbox 612 2089 746 2125; x_wconf 79' lang='lat' dir='ltr'>sufficit</span> <span class='ocrx_word' id='word_1_229' title='bbox 767 2091 880 2137; x_wconf 87' lang='lat' dir='ltr'>majo-</span> 
     </span>
     <span class='ocr_line' id='line_1_42' title="bbox 110 2132 876 2183; baseline 0.008 -15"><span class='ocrx_word' id='word_1_230' title='bbox 110 2132 212 2169; x_wconf 89' lang='lat' dir='ltr'>ribus</span> <span class='ocrx_word' id='word_1_231' title='bbox 245 2136 385 2169; x_wconf 86' lang='lat' dir='ltr'>tantum</span> <span class='ocrx_word' id='word_1_232' title='bbox 405 2134 535 2170; x_wconf 84' lang='lat' dir='ltr'>audire</span> <span class='ocrx_word' id='word_1_233' title='bbox 569 2136 616 2171; x_wconf 86' lang='lat' dir='ltr'>ad</span> <span class='ocrx_word' id='word_1_234' title='bbox 652 2137 876 2183; x_wconf 76' lang='lat' dir='ltr'>faciendum,</span> 
     </span>
    </p>
   </div>
   <div class='ocr_carea' id='block_1_7' title="bbox 921 314 925 960">
    <p class='ocr_par' dir='ltr' id='par_1_8' title="bbox 921 314 925 960">
     <span class='ocr_line' id='line_1_43' title="bbox 921 314 925 960; baseline 0 0"><span class='ocrx_word' id='word_1_235' title='bbox 921 314 925 960; x_wconf 95' lang='lat' dir='ltr'> </span> 
     </span>
    </p>
   </div>
   <div class='ocr_carea' id='block_1_8' title="bbox 954 188 1233 227">
    <p class='ocr_par' dir='ltr' id='par_1_9' title="bbox 954 188 1233 227">
     <span class='ocr_line' id='line_1_44' title="bbox 954 188 1233 227; baseline -0.004 -4"><span class='ocrx_word' id='word_1_236' title='bbox 954 188 1088 227; x_wconf 81' lang='lat' dir='ltr'>CAPUT</span> <span class='ocrx_word' id='word_1_237' title='bbox 1126 189 1233 223; x_wconf 86' lang='lat' dir='ltr'>XLIV</span> 
     </span>
    </p>
   </div>
   <div class='ocr_carea' id='block_1_9' title="bbox 946 258 1732 2182">
    <p class='ocr_par' dir='ltr' id='par_1_10' title="bbox 946 258 1732 2182">
     <span class='ocr_line' id='line_1_45' title="bbox 957 258 1730 305; baseline 0.005 -11"><span class='ocrx_word' id='word_1_238' title='bbox 957 258 1023 294; x_wconf 90' lang='lat' dir='ltr'>sed</span> <span class='ocrx_word' id='word_1_239' title='bbox 1043 258 1328 304; x_wconf 76' lang='lat' dir='ltr'>oportet‘etiam</span> <span class='ocrx_word' id='word_1_240' title='bbox 1348 258 1560 305; x_wconf 84' lang='lat' dir='ltr'>intelligere</span> <span class='ocrx_word' id='word_1_241' title='bbox 1580 260 1629 296; x_wconf 89' lang='lat' dir='ltr'>ad</span> <span class='ocrx_word' id='word_1_242' title='bbox 1661 260 1730 298; x_wconf 87' lang='lat' dir='ltr'>do-</span> 
     </span>
     <span class='ocr_line' id='line_1_46' title="bbox 959 305 1730 352; baseline 0.004 -12"><span class='ocrx_word' id='word_1_243' title='bbox 959 306 1134 343; x_wconf 86' lang='lat' dir='ltr'>cendum.</span> <span class='ocrx_word' id='word_1_244' title='bbox 1157 318 1175 339; x_wconf 90' lang='lat'>»</span> <span class='ocrx_word' id='word_1_245' title='bbox 1193 307 1325 342; x_wconf 82' lang='lat' dir='ltr'>Dicunt</span> <span class='ocrx_word' id='word_1_246' title='bbox 1343 308 1376 342; x_wconf 79' lang='lat' dir='ltr'>ez·</span> <span class='ocrx_word' id='word_1_247' title='bbox 1396 319 1407 341; x_wconf 92' lang='lat'>.·</span> <span class='ocrx_word' id='word_1_248' title='bbox 1428 308 1564 352; x_wconf 83' lang='lat' dir='ltr'>Etiam,</span> <span class='ocrx_word' id='word_1_249' title='bbox 1577 305 1730 352; x_wconf 82' lang='lat' dir='ltr'>scilicet,</span> 
     </span>
     <span class='ocr_line' id='line_1_47' title="bbox 956 352 1730 398; baseline 0.005 -11"><span class='ocrx_word' id='word_1_250' title='bbox 956 352 1212 398; x_wconf 83' lang='lat' dir='ltr'>intelligimus.</span> <span class='ocrx_word' id='word_1_251' title='bbox 1241 352 1383 389; x_wconf 90' lang='lat' dir='ltr'>Deinde</span> <span class='ocrx_word' id='word_1_252' title='bbox 1413 353 1529 390; x_wconf 88' lang='lat' dir='ltr'>utitur</span> <span class='ocrx_word' id='word_1_253' title='bbox 1558 354 1730 391; x_wconf 83' lang='lat' dir='ltr'>exhorta-</span> 
     </span>
     <span class='ocr_line' id='line_1_48' title="bbox 956 399 1729 445; baseline 0.005 -11"><span class='ocrx_word' id='word_1_254' title='bbox 956 399 1059 435; x_wconf 88' lang='lat' dir='ltr'>tione</span> <span class='ocrx_word' id='word_1_255' title='bbox 1084 399 1131 435; x_wconf 87' lang='lat' dir='ltr'>ad</span> <span class='ocrx_word' id='word_1_256' title='bbox 1154 399 1247 436; x_wconf 90' lang='lat' dir='ltr'>alios</span> <span class='ocrx_word' id='word_1_257' title='bbox 1279 400 1503 445; x_wconf 86' lang='lat' dir='ltr'>docendum,</span> <span class='ocrx_word' id='word_1_258' title='bbox 1525 411 1609 437; x_wconf 89' lang='lat' dir='ltr'>cum</span> <span class='ocrx_word' id='word_1_259' title='bbox 1638 401 1729 438; x_wconf 87' lang='lat' dir='ltr'>sub-</span> 
     </span>
     <span class='ocr_line' id='line_1_49' title="bbox 957 446 1722 490; baseline 0.005 -9"><span class='ocrx_word' id='word_1_260' title='bbox 957 446 1056 482; x_wconf 88' lang='lat' dir='ltr'>ditur</span> <span class='ocrx_word' id='word_1_261' title='bbox 1078 458 1087 482; x_wconf 90' lang='lat'>:</span> <span class='ocrx_word' id='word_1_262' title='bbox 1106 447 1173 482; x_wconf 78' lang='lat' dir='ltr'>Aic</span> <span class='ocrx_word' id='word_1_263' title='bbox 1191 448 1268 483; x_wconf 76' lang='lat' dir='ltr'>illis</span> <span class='ocrx_word' id='word_1_264' title='bbox 1289 459 1300 482; x_wconf 91' lang='grc'>.·</span> <span class='ocrx_word' id='word_1_265' title='bbox 1320 448 1401 483; x_wconf 82' lang='lat' dir='ltr'>Ideo</span> <span class='ocrx_word' id='word_1_266' title='bbox 1434 449 1549 483; x_wconf 75' lang='lat' dir='ltr'>omnis</span> <span class='ocrx_word' id='word_1_267' title='bbox 1579 448 1722 490; x_wconf 79' lang='lat' dir='ltr'>Scriba.</span> 
     </span>
     <span class='ocr_line' id='line_1_50' title="bbox 956 493 1719 542; baseline 0.001 -12"><span class='ocrx_word' id='word_1_268' title='bbox 956 493 994 530; x_wconf 90' lang='lat' dir='ltr'>id</span> <span class='ocrx_word' id='word_1_269' title='bbox 1010 496 1066 530; x_wconf 87' lang='lat' dir='ltr'>est</span> <span class='ocrx_word' id='word_1_270' title='bbox 1085 493 1229 537; x_wconf 86' lang='lat' dir='ltr'>doctor,</span> <span class='ocrx_word' id='word_1_271' title='bbox 1247 496 1288 529; x_wconf 87' lang='lat' dir='ltr'>ut</span> <span class='ocrx_word' id='word_1_272' title='bbox 1306 494 1406 530; x_wconf 89' lang='lat' dir='ltr'>enim</span> <span class='ocrx_word' id='word_1_273' title='bbox 1422 494 1511 530; x_wconf 90' lang='lat' dir='ltr'>dicit</span> <span class='ocrx_word' id='word_1_274' title='bbox 1536 495 1719 542; x_wconf 74' lang='lat' dir='ltr'>Auyusti-</span> 
     </span>
     <span class='ocr_line' id='line_1_51' title="bbox 956 541 1721 587; baseline 0.003 -11"><span class='ocrx_word' id='word_1_275' title='bbox 956 551 1038 584; x_wconf 78' lang='lat' dir='ltr'>nus,</span> <span class='ocrx_word' id='word_1_276' title='bbox 1059 541 1226 587; x_wconf 88' lang='lat' dir='ltr'>Apostoli</span> <span class='ocrx_word' id='word_1_277' title='bbox 1252 543 1337 577; x_wconf 88' lang='lat' dir='ltr'>sunt</span> <span class='ocrx_word' id='word_1_278' title='bbox 1363 541 1500 578; x_wconf 85' lang='lat' dir='ltr'>Scribae</span> <span class='ocrx_word' id='word_1_279' title='bbox 1524 545 1561 578; x_wconf 83' lang='lat' dir='ltr'>et</span> <span class='ocrx_word' id='word_1_280' title='bbox 1586 541 1721 578; x_wconf 86' lang='lat' dir='ltr'>notarii</span> 
     </span>
     <span class='ocr_line' id='line_1_52' title="bbox 957 587 1731 635; baseline 0.001 -10"><span class='ocrx_word' id='word_1_281' title='bbox 957 587 1094 625; x_wconf 86' lang='lat' dir='ltr'>Christi</span> <span class='ocrx_word' id='word_1_282' title='bbox 1115 588 1271 624; x_wconf 86' lang='lat' dir='ltr'>verbum</span> <span class='ocrx_word' id='word_1_283' title='bbox 1297 588 1378 634; x_wconf 85' lang='lat' dir='ltr'>ejus</span> <span class='ocrx_word' id='word_1_284' title='bbox 1397 588 1586 635; x_wconf 85' lang='lat' dir='ltr'>signantes</span> <span class='ocrx_word' id='word_1_285' title='bbox 1607 589 1648 625; x_wconf 90' lang='lat' dir='ltr'>in</span> <span class='ocrx_word' id='word_1_286' title='bbox 1672 592 1731 626; x_wconf 88' lang='lat' dir='ltr'>ta-</span> 
     </span>
     <span class='ocr_line' id='line_1_53' title="bbox 956 634 1731 682; baseline 0.001 -11"><span class='ocrx_word' id='word_1_287' title='bbox 956 635 1053 672; x_wconf 89' lang='lat' dir='ltr'>bulis</span> <span class='ocrx_word' id='word_1_288' title='bbox 1077 634 1214 680; x_wconf 85' lang='lat' dir='ltr'>cordis,</span> <span class='ocrx_word' id='word_1_289' title='bbox 1239 635 1377 677; x_wconf 67' lang='lat' dir='ltr'>doctas,</span> <span class='ocrx_word' id='word_1_290' title='bbox 1403 639 1441 671; x_wconf 89' lang='lat' dir='ltr'>et</span> <span class='ocrx_word' id='word_1_291' title='bbox 1464 635 1671 682; x_wconf 85' lang='lat' dir='ltr'>inspiratus</span> <span class='ocrx_word' id='word_1_292' title='bbox 1691 635 1731 672; x_wconf 89' lang='lat' dir='ltr'>in</span> 
     </span>
     <span class='ocr_line' id='line_1_54' title="bbox 955 681 1724 728; baseline 0.001 -10"><span class='ocrx_word' id='word_1_293' title='bbox 955 682 1014 718; x_wconf 91' lang='lat' dir='ltr'>his</span> <span class='ocrx_word' id='word_1_294' title='bbox 1032 693 1114 728; x_wconf 79' lang='lat' dir='ltr'>quae</span> <span class='ocrx_word' id='word_1_295' title='bbox 1138 681 1350 718; x_wconf 87' lang='lat' dir='ltr'>necessaria</span> <span class='ocrx_word' id='word_1_296' title='bbox 1370 685 1455 718; x_wconf 87' lang='lat' dir='ltr'>sunt</span> <span class='ocrx_word' id='word_1_297' title='bbox 1475 683 1545 718; x_wconf 85' lang='lat' dir='ltr'>sibi</span> <span class='ocrx_word' id='word_1_298' title='bbox 1566 688 1602 719; x_wconf 86' lang='lat' dir='ltr'>et</span> <span class='ocrx_word' id='word_1_299' title='bbox 1623 682 1724 727; x_wconf 89' lang='lat' dir='ltr'>aliis,</span> 
     </span>
     <span class='ocr_line' id='line_1_55' title="bbox 955 727 1727 773; baseline 0.003 -9"><span class='ocrx_word' id='word_1_300' title='bbox 955 732 995 765; x_wconf 82' lang='lat' dir='ltr'>in</span> <span class='ocrx_word' id='word_1_301' title='bbox 1023 740 1131 773; x_wconf 57' lang='lat' dir='ltr'>regno</span> <span class='ocrx_word' id='word_1_302' title='bbox 1163 731 1342 772; x_wconf 71' lang='lat' dir='ltr'>coelorwn,</span> <span class='ocrx_word' id='word_1_303' title='bbox 1363 727 1402 764; x_wconf 91' lang='lat' dir='ltr'>id</span> <span class='ocrx_word' id='word_1_304' title='bbox 1423 732 1479 764; x_wconf 90' lang='lat' dir='ltr'>est</span> <span class='ocrx_word' id='word_1_305' title='bbox 1500 729 1540 765; x_wconf 89' lang='lat' dir='ltr'>in</span> <span class='ocrx_word' id='word_1_306' title='bbox 1560 729 1727 767; x_wconf 87' lang='lat' dir='ltr'>Ecclesia</span> 
     </span>
     <span class='ocr_line' id='line_1_56' title="bbox 956 775 1728 822; baseline 0.001 -10"><span class='ocrx_word' id='word_1_307' title='bbox 956 775 1153 820; x_wconf 85' lang='lat' dir='ltr'>militante,</span> <span class='ocrx_word' id='word_1_308' title='bbox 1185 776 1247 813; x_wconf 88' lang='lat' dir='ltr'>ubi</span> <span class='ocrx_word' id='word_1_309' title='bbox 1283 775 1353 812; x_wconf 87' lang='lat' dir='ltr'>tria</span> <span class='ocrx_word' id='word_1_310' title='bbox 1391 775 1478 811; x_wconf 89' lang='lat' dir='ltr'>dicit</span> <span class='ocrx_word' id='word_1_311' title='bbox 1502 787 1510 811; x_wconf 90' lang='lat'>:</span> <span class='ocrx_word' id='word_1_312' title='bbox 1554 776 1652 822; x_wconf 90' lang='lat' dir='ltr'>quod</span> <span class='ocrx_word' id='word_1_313' title='bbox 1679 775 1728 813; x_wconf 87' lang='lat' dir='ltr'>sit</span> 
     </span>
     <span class='ocr_line' id='line_1_57' title="bbox 956 822 1724 869; baseline 0.001 -10"><span class='ocrx_word' id='word_1_314' title='bbox 956 825 1093 865; x_wconf 72' lang='lat' dir='ltr'>doetus,</span> <span class='ocrx_word' id='word_1_315' title='bbox 1115 834 1182 869; x_wconf 89' lang='lat' dir='ltr'>per</span> <span class='ocrx_word' id='word_1_316' title='bbox 1195 823 1364 860; x_wconf 86' lang='lat' dir='ltr'>habitum</span> <span class='ocrx_word' id='word_1_317' title='bbox 1376 822 1540 859; x_wconf 82' lang='lat' dir='ltr'>scientIae</span> <span class='ocrx_word' id='word_1_318' title='bbox 1557 835 1566 867; x_wconf 91' lang='lat'>;</span> <span class='ocrx_word' id='word_1_319' title='bbox 1582 824 1724 869; x_wconf 82' lang='lat' dir='ltr'>Scriba,</span> 
     </span>
     <span class='ocr_line' id='line_1_58' title="bbox 956 870 1732 917; baseline 0.001 -11"><span class='ocrx_word' id='word_1_320' title='bbox 956 881 1023 917; x_wconf 86' lang='lat' dir='ltr'>per</span> <span class='ocrx_word' id='word_1_321' title='bbox 1043 870 1208 907; x_wconf 83' lang='lat' dir='ltr'>officium</span> <span class='ocrx_word' id='word_1_322' title='bbox 1229 870 1406 907; x_wconf 77' lang='grc'>(1061111166</span> <span class='ocrx_word' id='word_1_323' title='bbox 1420 882 1429 914; x_wconf 85' lang='grc'>;</span> <span class='ocrx_word' id='word_1_324' title='bbox 1445 872 1485 906; x_wconf 82' lang='lat' dir='ltr'>in</span> <span class='ocrx_word' id='word_1_325' title='bbox 1504 881 1614 917; x_wconf 73' lang='lat' dir='ltr'>reyno</span> <span class='ocrx_word' id='word_1_326' title='bbox 1633 871 1732 907; x_wconf 86' lang='lat' dir='ltr'>coelo-</span> 
     </span>
     <span class='ocr_line' id='line_1_59' title="bbox 955 917 1726 963; baseline 0.001 -10"><span class='ocrx_word' id='word_1_327' title='bbox 955 929 1048 961; x_wconf 78' lang='lat' dir='ltr'>rum,</span> <span class='ocrx_word' id='word_1_328' title='bbox 1070 929 1137 963; x_wconf 87' lang='lat' dir='ltr'>per</span> <span class='ocrx_word' id='word_1_329' title='bbox 1176 917 1350 953; x_wconf 86' lang='lat' dir='ltr'>meritum</span> <span class='ocrx_word' id='word_1_330' title='bbox 1377 917 1475 962; x_wconf 82' lang='lat' dir='ltr'>vitae,</span> <span class='ocrx_word' id='word_1_331' title='bbox 1505 919 1638 953; x_wconf 81' lang='lat' dir='ltr'>similis</span> <span class='ocrx_word' id='word_1_332' title='bbox 1675 921 1726 954; x_wconf 78' lang='lat' dir='ltr'>est</span> 
     </span>
     <span class='ocr_line' id='line_1_60' title="bbox 956 963 1725 1010; baseline 0 -10"><span class='ocrx_word' id='word_1_333' title='bbox 956 966 1092 1000; x_wconf 77' lang='lat' dir='ltr'>homini</span> <span class='ocrx_word' id='word_1_334' title='bbox 1110 966 1390 1010; x_wconf 65' lang='lat' dir='ltr'>patrifamilias,</span> <span class='ocrx_word' id='word_1_335' title='bbox 1416 964 1453 1000; x_wconf 87' lang='lat' dir='ltr'>id</span> <span class='ocrx_word' id='word_1_336' title='bbox 1475 967 1529 1000; x_wconf 89' lang='lat' dir='ltr'>est</span> <span class='ocrx_word' id='word_1_337' title='bbox 1550 963 1664 1009; x_wconf 87' lang='grc'>1111111;</span> <span class='ocrx_word' id='word_1_338' title='bbox 1689 967 1725 1002; x_wconf 87' lang='grc'>61</span> 
     </span>
     <span class='ocr_line' id='line_1_61' title="bbox 955 1010 1723 1057; baseline 0 -10"><span class='ocrx_word' id='word_1_339' title='bbox 955 1011 1175 1057; x_wconf 83' lang='lat' dir='ltr'>intelligitur</span> <span class='ocrx_word' id='word_1_340' title='bbox 1183 1012 1228 1047; x_wconf 89' lang='lat' dir='ltr'>de</span> <span class='ocrx_word' id='word_1_341' title='bbox 1241 1011 1483 1047; x_wconf 86' lang='lat' dir='ltr'>similitudine</span> <span class='ocrx_word' id='word_1_342' title='bbox 1492 1010 1723 1056; x_wconf 85' lang='lat' dir='ltr'>imitationis,</span> 
     </span>
     <span class='ocr_line' id='line_1_62' title="bbox 955 1058 1725 1105; baseline -0.001 -10"><span class='ocrx_word' id='word_1_343' title='bbox 955 1070 1031 1095; x_wconf 88' lang='grc'>11011</span> <span class='ocrx_word' id='word_1_344' title='bbox 1067 1058 1393 1105; x_wconf 79' lang='lat' dir='ltr'>aequiparationis3</span> <span class='ocrx_word' id='word_1_345' title='bbox 1428 1060 1492 1104; x_wconf 80' lang='lat' dir='ltr'>qui</span> <span class='ocrx_word' id='word_1_346' title='bbox 1516 1060 1655 1103; x_wconf 75' lang='lat' dir='ltr'>profert</span> <span class='ocrx_word' id='word_1_347' title='bbox 1681 1058 1725 1094; x_wconf 85' lang='lat' dir='ltr'>de</span> 
     </span>
     <span class='ocr_line' id='line_1_63' title="bbox 956 1105 1725 1150; baseline 0.001 -8"><span class='ocrx_word' id='word_1_348' title='bbox 956 1108 1122 1142; x_wconf 73' lang='lat' dir='ltr'>thesauro</span> <span class='ocrx_word' id='word_1_349' title='bbox 1157 1117 1234 1150; x_wconf 79' lang='lat' dir='ltr'>suo,</span> <span class='ocrx_word' id='word_1_350' title='bbox 1255 1105 1293 1141; x_wconf 89' lang='lat' dir='ltr'>id</span> <span class='ocrx_word' id='word_1_351' title='bbox 1315 1108 1371 1141; x_wconf 87' lang='lat' dir='ltr'>est</span> <span class='ocrx_word' id='word_1_352' title='bbox 1405 1105 1450 1141; x_wconf 91' lang='lat' dir='ltr'>de</span> <span class='ocrx_word' id='word_1_353' title='bbox 1477 1105 1634 1141; x_wconf 88' lang='lat' dir='ltr'>scientia</span> <span class='ocrx_word' id='word_1_354' title='bbox 1657 1115 1725 1143; x_wconf 84' lang='lat' dir='ltr'>sua</span> 
     </span>
     <span class='ocr_line' id='line_1_64' title="bbox 955 1152 1726 1196; baseline -0.001 -7"><span class='ocrx_word' id='word_1_355' title='bbox 955 1153 994 1189; x_wconf 88' lang='lat' dir='ltr'>in</span> <span class='ocrx_word' id='word_1_356' title='bbox 1016 1153 1127 1190; x_wconf 87' lang='lat' dir='ltr'>corde</span> <span class='ocrx_word' id='word_1_357' title='bbox 1158 1152 1392 1196; x_wconf 85' lang='lat' dir='ltr'>abscondita,</span> <span class='ocrx_word' id='word_1_358' title='bbox 1417 1163 1510 1188; x_wconf 74' lang='lat' dir='ltr'>nova</span> <span class='ocrx_word' id='word_1_359' title='bbox 1533 1156 1565 1188; x_wconf 78' lang='lat' dir='ltr'>et</span> <span class='ocrx_word' id='word_1_360' title='bbox 1592 1156 1726 1196; x_wconf 77' lang='lat' dir='ltr'>vetera,</span> 
     </span>
     <span class='ocr_line' id='line_1_65' title="bbox 954 1198 1722 1236; baseline 0 -1"><span class='ocrx_word' id='word_1_361' title='bbox 954 1200 993 1236; x_wconf 91' lang='lat' dir='ltr'>id</span> <span class='ocrx_word' id='word_1_362' title='bbox 1025 1204 1080 1236; x_wconf 90' lang='lat' dir='ltr'>est</span> <span class='ocrx_word' id='word_1_363' title='bbox 1114 1200 1356 1236; x_wconf 81' lang='lat' dir='ltr'>auctoritates</span> <span class='ocrx_word' id='word_1_364' title='bbox 1387 1199 1479 1235; x_wconf 89' lang='lat' dir='ltr'>Novi</span> <span class='ocrx_word' id='word_1_365' title='bbox 1513 1202 1548 1235; x_wconf 88' lang='lat' dir='ltr'>et</span> <span class='ocrx_word' id='word_1_366' title='bbox 1579 1198 1722 1236; x_wconf 89' lang='lat' dir='ltr'>Veteris</span> 
     </span>
     <span class='ocr_line' id='line_1_66' title="bbox 954 1245 1722 1291; baseline -0.001 -8"><span class='ocrx_word' id='word_1_367' title='bbox 954 1247 1195 1291; x_wconf 81' lang='lat' dir='ltr'>Testamenti,</span> <span class='ocrx_word' id='word_1_368' title='bbox 1231 1258 1274 1283; x_wconf 80' lang='lat' dir='ltr'>ex</span> <span class='ocrx_word' id='word_1_369' title='bbox 1311 1246 1444 1291; x_wconf 79' lang='lat' dir='ltr'>quibus</span> <span class='ocrx_word' id='word_1_370' title='bbox 1478 1245 1722 1282; x_wconf 83' lang='lat' dir='ltr'>Testamentis</span> 
     </span>
     <span class='ocr_line' id='line_1_67' title="bbox 954 1293 1723 1339; baseline -0.003 -9"><span class='ocrx_word' id='word_1_371' title='bbox 954 1298 1125 1330; x_wconf 75' lang='lat' dir='ltr'>contexta</span> <span class='ocrx_word' id='word_1_372' title='bbox 1163 1297 1219 1330; x_wconf 90' lang='lat' dir='ltr'>est</span> <span class='ocrx_word' id='word_1_373' title='bbox 1250 1293 1423 1329; x_wconf 74' lang='lat' dir='ltr'>Ecclesiae</span> <span class='ocrx_word' id='word_1_374' title='bbox 1460 1304 1616 1339; x_wconf 83' lang='lat' dir='ltr'>sagena;</span> <span class='ocrx_word' id='word_1_375' title='bbox 1651 1293 1723 1337; x_wconf 88' lang='lat' dir='ltr'>vel,</span> 
     </span>
     <span class='ocr_line' id='line_1_68' title="bbox 952 1339 1724 1386; baseline 0 -10"><span class='ocrx_word' id='word_1_376' title='bbox 952 1353 1058 1386; x_wconf 75' lang='grc' dir='ltr'>ηουα,</span> <span class='ocrx_word' id='word_1_377' title='bbox 1078 1341 1283 1377; x_wconf 78' lang='lat' dir='ltr'>secundum</span> <span class='ocrx_word' id='word_1_378' title='bbox 1302 1341 1527 1385; x_wconf 69' lang='lat' dir='ltr'>Greqoritcm‚</span> <span class='ocrx_word' id='word_1_379' title='bbox 1541 1340 1586 1376; x_wconf 88' lang='lat' dir='ltr'>de</span> <span class='ocrx_word' id='word_1_380' title='bbox 1605 1339 1724 1376; x_wconf 79' lang='lat' dir='ltr'>suavi·</span> 
     </span>
     <span class='ocr_line' id='line_1_69' title="bbox 953 1387 1722 1434; baseline -0.001 -10"><span class='ocrx_word' id='word_1_381' title='bbox 953 1391 1026 1424; x_wconf 89' lang='lat' dir='ltr'>tate</span> <span class='ocrx_word' id='word_1_382' title='bbox 1050 1387 1170 1434; x_wconf 85' lang='lat' dir='ltr'>regni,</span> <span class='ocrx_word' id='word_1_383' title='bbox 1195 1391 1227 1422; x_wconf 77' lang='lat' dir='ltr'>et</span> <span class='ocrx_word' id='word_1_384' title='bbox 1244 1391 1378 1430; x_wconf 74' lang='lat' dir='ltr'>vetera,</span> <span class='ocrx_word' id='word_1_385' title='bbox 1401 1387 1447 1422; x_wconf 89' lang='lat' dir='ltr'>de</span> <span class='ocrx_word' id='word_1_386' title='bbox 1472 1390 1616 1423; x_wconf 88' lang='lat' dir='ltr'>terrore</span> <span class='ocrx_word' id='word_1_387' title='bbox 1637 1397 1722 1433; x_wconf 89' lang='lat' dir='ltr'>sup-</span> 
     </span>
     <span class='ocr_line' id='line_1_70' title="bbox 950 1433 1723 1481; baseline 0 -11"><span class='ocrx_word' id='word_1_388' title='bbox 950 1434 1065 1481; x_wconf 86' lang='lat' dir='ltr'>plicii,</span> <span class='ocrx_word' id='word_1_389' title='bbox 1083 1438 1123 1470; x_wconf 90' lang='lat' dir='ltr'>ut</span> <span class='ocrx_word' id='word_1_390' title='bbox 1139 1433 1279 1470; x_wconf 82' lang='lat' dir='ltr'>scilicet</span> <span class='ocrx_word' id='word_1_391' title='bbox 1294 1444 1413 1478; x_wconf 81' lang='lat' dir='ltr'>poenae</span> <span class='ocrx_word' id='word_1_392' title='bbox 1428 1437 1608 1478; x_wconf 86' lang='lat' dir='ltr'>terreant,</span> <span class='ocrx_word' id='word_1_393' title='bbox 1631 1444 1723 1479; x_wconf 87' lang='lat' dir='ltr'>quos</span> 
     </span>
     <span class='ocr_line' id='line_1_71' title="bbox 951 1480 1722 1527; baseline 0.003 -12"><span class='ocrx_word' id='word_1_394' title='bbox 951 1481 1105 1527; x_wconf 57' lang='lat' dir='ltr'>praemia</span> <span class='ocrx_word' id='word_1_395' title='bbox 1123 1492 1197 1517; x_wconf 90' lang='lat' dir='ltr'>non</span> <span class='ocrx_word' id='word_1_396' title='bbox 1218 1480 1397 1524; x_wconf 74' lang='lat' dir='ltr'>invitant3</span> <span class='ocrx_word' id='word_1_397' title='bbox 1420 1481 1492 1524; x_wconf 84' lang='lat' dir='ltr'>vel,</span> <span class='ocrx_word' id='word_1_398' title='bbox 1522 1492 1627 1522; x_wconf 77' lang='lat' dir='ltr'>nova,</span> <span class='ocrx_word' id='word_1_399' title='bbox 1658 1491 1722 1526; x_wconf 89' lang='lat' dir='ltr'>per</span> 
     </span>
     <span class='ocr_line' id='line_1_72' title="bbox 950 1527 1723 1574; baseline -0.001 -10"><span class='ocrx_word' id='word_1_400' title='bbox 950 1528 1244 1564; x_wconf 83' lang='lat' dir='ltr'>admonitionem</span> <span class='ocrx_word' id='word_1_401' title='bbox 1259 1527 1452 1571; x_wconf 75' lang='lat' dir='ltr'>virtutum,</span> <span class='ocrx_word' id='word_1_402' title='bbox 1466 1532 1498 1563; x_wconf 76' lang='lat' dir='ltr'>ei</span> <span class='ocrx_word' id='word_1_403' title='bbox 1516 1531 1723 1574; x_wconf 68' lang='lat' dir='ltr'>vetera,per</span> 
     </span>
     <span class='ocr_line' id='line_1_73' title="bbox 949 1574 1718 1620; baseline -0.001 -9"><span class='ocrx_word' id='word_1_404' title='bbox 949 1575 1237 1611; x_wconf 82' lang='lat' dir='ltr'>detestationem</span> <span class='ocrx_word' id='word_1_405' title='bbox 1258 1574 1446 1610; x_wconf 79' lang='lat' dir='ltr'>vitiorum.</span> <span class='ocrx_word' id='word_1_406' title='bbox 1464 1576 1512 1610; x_wconf 80' lang='lat' dir='ltr'>Ex</span> <span class='ocrx_word' id='word_1_407' title='bbox 1525 1585 1597 1620; x_wconf 82' lang='lat' dir='ltr'>quo</span> <span class='ocrx_word' id='word_1_408' title='bbox 1615 1577 1718 1620; x_wconf 90' lang='lat' dir='ltr'>patet</span> 
     </span>
     <span class='ocr_line' id='line_1_74' title="bbox 948 1621 1723 1668; baseline 0.001 -11"><span class='ocrx_word' id='word_1_409' title='bbox 948 1623 1046 1668; x_wconf 80' lang='lat' dir='ltr'>quod</span> <span class='ocrx_word' id='word_1_410' title='bbox 1068 1621 1251 1668; x_wconf 86' lang='lat' dir='ltr'>Episcopi,</span> <span class='ocrx_word' id='word_1_411' title='bbox 1277 1621 1338 1667; x_wconf 86' lang='lat' dir='ltr'>qui</span> <span class='ocrx_word' id='word_1_412' title='bbox 1370 1626 1457 1657; x_wconf 89' lang='lat' dir='ltr'>sunt</span> <span class='ocrx_word' id='word_1_413' title='bbox 1486 1631 1723 1658; x_wconf 87' lang='lat' dir='ltr'>successores</span> 
     </span>
     <span class='ocr_line' id='line_1_75' title="bbox 946 1668 1719 1715; baseline -0.001 -10"><span class='ocrx_word' id='word_1_414' title='bbox 946 1670 1223 1715; x_wconf 86' lang='lat' dir='ltr'>Apostolorum,</span> <span class='ocrx_word' id='word_1_415' title='bbox 1242 1669 1379 1705; x_wconf 88' lang='lat' dir='ltr'>debent</span> <span class='ocrx_word' id='word_1_416' title='bbox 1398 1669 1536 1705; x_wconf 85' lang='lat' dir='ltr'>habere</span> <span class='ocrx_word' id='word_1_417' title='bbox 1548 1668 1719 1705; x_wconf 89' lang='lat' dir='ltr'>notitiam</span> 
     </span>
     <span class='ocr_line' id='line_1_76' title="bbox 949 1715 1717 1762; baseline 0 -10"><span class='ocrx_word' id='word_1_418' title='bbox 949 1717 1141 1762; x_wconf 81' lang='lat' dir='ltr'>utriusque</span> <span class='ocrx_word' id='word_1_419' title='bbox 1156 1715 1437 1759; x_wconf 76' lang='lat' dir='ltr'>Testamenti,in</span> <span class='ocrx_word' id='word_1_420' title='bbox 1455 1716 1510 1762; x_wconf 86' lang='lat' dir='ltr'>cuj</span> <span class='ocrx_word' id='word_1_421' title='bbox 1518 1726 1558 1751; x_wconf 88' lang='lat' dir='ltr'>us</span> <span class='ocrx_word' id='word_1_422' title='bbox 1569 1717 1717 1761; x_wconf 80' lang='lat' dir='ltr'>signum</span> 
     </span>
     <span class='ocr_line' id='line_1_77' title="bbox 947 1762 1717 1809; baseline 0.001 -11"><span class='ocrx_word' id='word_1_423' title='bbox 947 1767 1098 1809; x_wconf 77' lang='lat' dir='ltr'>port-ant</span> <span class='ocrx_word' id='word_1_424' title='bbox 1119 1762 1269 1798; x_wconf 84' lang='lat' dir='ltr'>mitram</span> <span class='ocrx_word' id='word_1_425' title='bbox 1288 1762 1328 1798; x_wconf 90' lang='lat' dir='ltr'>in</span> <span class='ocrx_word' id='word_1_426' title='bbox 1349 1762 1469 1808; x_wconf 87' lang='lat' dir='ltr'>capite</span> <span class='ocrx_word' id='word_1_427' title='bbox 1496 1772 1579 1798; x_wconf 89' lang='lat' dir='ltr'>cum</span> <span class='ocrx_word' id='word_1_428' title='bbox 1599 1772 1717 1799; x_wconf 86' lang='lat' dir='ltr'>cornu</span> 
     </span>
     <span class='ocr_line' id='line_1_78' title="bbox 948 1808 1724 1855; baseline -0.003 -9"><span class='ocrx_word' id='word_1_429' title='bbox 948 1809 1098 1855; x_wconf 85' lang='lat' dir='ltr'>duplici.</span> <span class='ocrx_word' id='word_1_430' title='bbox 1117 1811 1161 1845; x_wconf 89' lang='lat' dir='ltr'>Et</span> <span class='ocrx_word' id='word_1_431' title='bbox 1183 1810 1278 1846; x_wconf 89' lang='lat' dir='ltr'>bene</span> <span class='ocrx_word' id='word_1_432' title='bbox 1299 1812 1489 1855; x_wconf 87' lang='lat' dir='ltr'>comparat</span> <span class='ocrx_word' id='word_1_433' title='bbox 1510 1819 1594 1845; x_wconf 91' lang='lat' dir='ltr'>eum</span> <span class='ocrx_word' id='word_1_434' title='bbox 1615 1808 1724 1845; x_wconf 86' lang='lat' dir='ltr'>Chri-</span> 
     </span>
     <span class='ocr_line' id='line_1_79' title="bbox 948 1856 1723 1902; baseline -0.001 -10"><span class='ocrx_word' id='word_1_435' title='bbox 948 1861 1026 1892; x_wconf 85' lang='lat' dir='ltr'>stus</span> <span class='ocrx_word' id='word_1_436' title='bbox 1046 1858 1327 1902; x_wconf 68' lang='lat' dir='ltr'>patrifamilias,</span> <span class='ocrx_word' id='word_1_437' title='bbox 1349 1856 1435 1901; x_wconf 87' lang='lat' dir='ltr'>quia</span> <span class='ocrx_word' id='word_1_438' title='bbox 1455 1856 1549 1892; x_wconf 88' lang='lat' dir='ltr'>sicut</span> <span class='ocrx_word' id='word_1_439' title='bbox 1566 1856 1723 1901; x_wconf 85' lang='lat' dir='ltr'>paterfa-</span> 
     </span>
     <span class='ocr_line' id='line_1_80' title="bbox 948 1903 1723 1949; baseline -0.001 -10"><span class='ocrx_word' id='word_1_440' title='bbox 948 1904 1070 1939; x_wconf 87' lang='lat' dir='ltr'>milias</span> <span class='ocrx_word' id='word_1_441' title='bbox 1084 1904 1197 1939; x_wconf 88' lang='lat' dir='ltr'>habet</span> <span class='ocrx_word' id='word_1_442' title='bbox 1209 1914 1361 1949; x_wconf 88' lang='lat' dir='ltr'>pascere</span> <span class='ocrx_word' id='word_1_443' title='bbox 1372 1903 1470 1939; x_wconf 85' lang='lat' dir='ltr'>tilios</span> <span class='ocrx_word' id='word_1_444' title='bbox 1484 1914 1579 1949; x_wconf 89' lang='lat' dir='ltr'>pane</span> <span class='ocrx_word' id='word_1_445' title='bbox 1595 1913 1723 1949; x_wconf 88' lang='lat' dir='ltr'>corpo-</span> 
     </span>
     <span class='ocr_line' id='line_1_81' title="bbox 948 1950 1720 1996; baseline -0.001 -10"><span class='ocrx_word' id='word_1_446' title='bbox 948 1950 1031 1994; x_wconf 88' lang='lat' dir='ltr'>rali,</span> <span class='ocrx_word' id='word_1_447' title='bbox 1047 1952 1099 1986; x_wconf 89' lang='lat' dir='ltr'>sic</span> <span class='ocrx_word' id='word_1_448' title='bbox 1113 1951 1182 1986; x_wconf 89' lang='lat' dir='ltr'>iste</span> <span class='ocrx_word' id='word_1_449' title='bbox 1197 1951 1370 1996; x_wconf 86' lang='lat' dir='ltr'>parvulos</span> <span class='ocrx_word' id='word_1_450' title='bbox 1389 1950 1517 1986; x_wconf 86' lang='lat' dir='ltr'>fideles</span> <span class='ocrx_word' id='word_1_451' title='bbox 1532 1960 1629 1996; x_wconf 90' lang='lat' dir='ltr'>pane</span> <span class='ocrx_word' id='word_1_452' title='bbox 1646 1950 1720 1996; x_wconf 87' lang='lat' dir='ltr'>spi-</span> 
     </span>
     <span class='ocr_line' id='line_1_82' title="bbox 947 1995 1718 2042; baseline 0 -9"><span class='ocrx_word' id='word_1_453' title='bbox 947 1997 1085 2033; x_wconf 84' lang='lat' dir='ltr'>rituali.</span> <span class='ocrx_word' id='word_1_454' title='bbox 1108 1999 1284 2033; x_wconf 87' lang='lat' dir='ltr'>Hortatur</span> <span class='ocrx_word' id='word_1_455' title='bbox 1302 2008 1390 2042; x_wconf 82' lang='lat' dir='ltr'>ergo</span> <span class='ocrx_word' id='word_1_456' title='bbox 1411 1996 1588 2033; x_wconf 89' lang='lat' dir='ltr'>Dominus</span> <span class='ocrx_word' id='word_1_457' title='bbox 1608 1995 1718 2034; x_wconf 87' lang='lat' dir='ltr'>disci-</span> 
     </span>
     <span class='ocr_line' id='line_1_83' title="bbox 949 2043 1716 2090; baseline 0 -12"><span class='ocrx_word' id='word_1_458' title='bbox 949 2045 1067 2090; x_wconf 81' lang='lat' dir='ltr'>pulos,</span> <span class='ocrx_word' id='word_1_459' title='bbox 1095 2044 1194 2090; x_wconf 88' lang='lat' dir='ltr'>quod</span> <span class='ocrx_word' id='word_1_460' title='bbox 1214 2045 1410 2090; x_wconf 85' lang='lat' dir='ltr'>parabolas</span> <span class='ocrx_word' id='word_1_461' title='bbox 1428 2043 1654 2089; x_wconf 82' lang='lat' dir='ltr'>intelligant,</span> <span class='ocrx_word' id='word_1_462' title='bbox 1676 2048 1716 2080; x_wconf 92' lang='lat' dir='ltr'>ut</span> 
     </span>
     <span class='ocr_line' id='line_1_84' title="bbox 947 2090 1717 2137; baseline 0 -9"><span class='ocrx_word' id='word_1_463' title='bbox 947 2092 1040 2128; x_wconf 89' lang='lat' dir='ltr'>alios</span> <span class='ocrx_word' id='word_1_464' title='bbox 1060 2092 1194 2128; x_wconf 86' lang='lat' dir='ltr'>docere</span> <span class='ocrx_word' id='word_1_465' title='bbox 1213 2091 1331 2127; x_wconf 86' lang='lat' dir='ltr'>sciant</span> <span class='ocrx_word' id='word_1_466' title='bbox 1347 2102 1354 2126; x_wconf 77' lang='grc' dir='ltr'>ε</span> <span class='ocrx_word' id='word_1_467' title='bbox 1376 2091 1462 2137; x_wconf 83' lang='lat' dir='ltr'>quia</span> <span class='ocrx_word' id='word_1_468' title='bbox 1475 2091 1558 2127; x_wconf 91' lang='lat' dir='ltr'>ideo</span> <span class='ocrx_word' id='word_1_469' title='bbox 1573 2090 1717 2128; x_wconf 85' lang='lat' dir='ltr'>similes</span> 
     </span>
     <span class='ocr_line' id='line_1_85' title="bbox 951 2137 1511 2182; baseline -0.002 -7"><span class='ocrx_word' id='word_1_470' title='bbox 951 2138 985 2175; x_wconf 92' lang='lat' dir='ltr'>ei</span> <span class='ocrx_word' id='word_1_471' title='bbox 1002 2141 1123 2182; x_wconf 87' lang='lat' dir='ltr'>erunt,</span> <span class='ocrx_word' id='word_1_472' title='bbox 1146 2137 1176 2174; x_wconf 89' lang='lat' dir='ltr'>si</span> <span class='ocrx_word' id='word_1_473' title='bbox 1197 2137 1290 2175; x_wconf 84' lang='lat' dir='ltr'>alios</span> <span class='ocrx_word' id='word_1_474' title='bbox 1311 2138 1511 2174; x_wconf 86' lang='lat' dir='ltr'>docebunt.</span> 
     </span>
    </p>
   </div>
   <div class='ocr_carea' id='block_1_10' title="bbox 827 2263 995 2300">
    <p class='ocr_par' dir='ltr' id='par_1_11' title="bbox 827 2263 995 2300">
     <span class='ocr_line' id='line_1_86' title="bbox 827 2263 995 2300; baseline 0.006 -1"><span class='ocrx_word' id='word_1_475' title='bbox 827 2263 995 2300; x_wconf 78' lang='lat' dir='ltr'>ORATIO</span> 
     </span>
    </p>
   </div>
   <div class='ocr_carea' id='block_1_11' title="bbox 57 2357 1713 2691">
    <p class='ocr_par' dir='ltr' id='par_1_12' title="bbox 57 2357 1713 2691">
     <span class='ocr_line' id='line_1_87' title="bbox 151 2357 1713 2411; baseline 0.004 -18"><span class='ocrx_word' id='word_1_476' title='bbox 151 2357 308 2410; x_wconf 70' lang='lat' dir='ltr'>Domine</span> <span class='ocrx_word' id='word_1_477' title='bbox 338 2359 436 2411; x_wconf 42' lang='lat' dir='ltr'>Jesu-</span> <span class='ocrx_word' id='word_1_478' title='bbox 457 2359 614 2405; x_wconf 82' lang='lat' dir='ltr'>Christe,</span> <span class='ocrx_word' id='word_1_479' title='bbox 635 2360 694 2398; x_wconf 86' lang='lat' dir='ltr'>fac</span> <span class='ocrx_word' id='word_1_480' title='bbox 724 2371 784 2398; x_wconf 89' lang='lat' dir='ltr'>me</span> <span class='ocrx_word' id='word_1_481' title='bbox 815 2363 861 2399; x_wconf 91' lang='lat' dir='ltr'>de</span> <span class='ocrx_word' id='word_1_482' title='bbox 898 2362 1013 2400; x_wconf 87' lang='lat' dir='ltr'>veteri</span> <span class='ocrx_word' id='word_1_483' title='bbox 1047 2363 1124 2399; x_wconf 86' lang='lat' dir='ltr'>vita</span> <span class='ocrx_word' id='word_1_484' title='bbox 1151 2362 1264 2404; x_wconf 85' lang='lat' dir='ltr'>exire,</span> <span class='ocrx_word' id='word_1_485' title='bbox 1286 2373 1333 2399; x_wconf 90' lang='lat' dir='ltr'>ne</span> <span class='ocrx_word' id='word_1_486' title='bbox 1364 2373 1492 2400; x_wconf 88' lang='lat' dir='ltr'>semen</span> <span class='ocrx_word' id='word_1_487' title='bbox 1511 2361 1615 2399; x_wconf 85' lang='lat' dir='ltr'>verbi</span> <span class='ocrx_word' id='word_1_488' title='bbox 1635 2362 1713 2408; x_wconf 90' lang='lat' dir='ltr'>tui,</span> 
     </span>
     <span class='ocr_line' id='line_1_88' title="bbox 103 2403 1711 2457; baseline 0.004 -18"><span class='ocrx_word' id='word_1_489' title='bbox 103 2403 205 2450; x_wconf 84' lang='lat' dir='ltr'>quod</span> <span class='ocrx_word' id='word_1_490' title='bbox 242 2415 277 2439; x_wconf 86' lang='grc'>11]</span> <span class='ocrx_word' id='word_1_491' title='bbox 293 2415 388 2457; x_wconf 36' lang='lat' dir='ltr'>‚meo</span> <span class='ocrx_word' id='word_1_492' title='bbox 426 2406 628 2451; x_wconf 77' lang='lat' dir='ltr'>intellectu,</span> <span class='ocrx_word' id='word_1_493' title='bbox 650 2408 739 2444; x_wconf 90' lang='lat' dir='ltr'>boni</span> <span class='ocrx_word' id='word_1_494' title='bbox 760 2410 954 2456; x_wconf 88' lang='lat' dir='ltr'>propositi,</span> <span class='ocrx_word' id='word_1_495' title='bbox 983 2410 1082 2456; x_wconf 87' lang='lat' dir='ltr'>quod</span> <span class='ocrx_word' id='word_1_496' title='bbox 1101 2409 1140 2446; x_wconf 89' lang='lat' dir='ltr'>in</span> <span class='ocrx_word' id='word_1_497' title='bbox 1162 2420 1246 2446; x_wconf 90' lang='lat' dir='ltr'>meo</span> <span class='ocrx_word' id='word_1_498' title='bbox 1284 2410 1434 2455; x_wconf 82' lang='lat' dir='ltr'>affectu,</span> <span class='ocrx_word' id='word_1_499' title='bbox 1454 2409 1542 2446; x_wconf 88' lang='lat' dir='ltr'>boni</span> <span class='ocrx_word' id='word_1_500' title='bbox 1563 2409 1688 2455; x_wconf 89' lang='lat' dir='ltr'>operis</span> <span class='ocrx_word' id='word_1_501' title='bbox 1702 2437 1711 2455; x_wconf 90' lang='lat'>,</span> 
     </span>
     <span class='ocr_line' id='line_1_89' title="bbox 105 2450 1713 2504; baseline 0.004 -18"><span class='ocrx_word' id='word_1_502' title='bbox 105 2450 205 2496; x_wconf 89' lang='lat' dir='ltr'>quod</span> <span class='ocrx_word' id='word_1_503' title='bbox 232 2454 269 2487; x_wconf 88' lang='lat' dir='ltr'>et</span> <span class='ocrx_word' id='word_1_504' title='bbox 291 2462 329 2486; x_wconf 84' lang='grc'>111</span> <span class='ocrx_word' id='word_1_505' title='bbox 352 2456 543 2504; x_wconf 35' lang='grc'>1116016611</span> <span class='ocrx_word' id='word_1_506' title='bbox 569 2454 776 2501; x_wconf 85' lang='lat' dir='ltr'>seminasti,</span> <span class='ocrx_word' id='word_1_507' title='bbox 797 2458 1016 2494; x_wconf 79' lang='lat' dir='ltr'>comedatur</span> <span class='ocrx_word' id='word_1_508' title='bbox 1038 2467 1060 2493; x_wconf 91' lang='lat' dir='ltr'>a</span> <span class='ocrx_word' id='word_1_509' title='bbox 1085 2456 1296 2493; x_wconf 83' lang='lat' dir='ltr'>volucribus</span> <span class='ocrx_word' id='word_1_510' title='bbox 1316 2456 1438 2493; x_wconf 86' lang='lat' dir='ltr'>inanis</span> <span class='ocrx_word' id='word_1_511' title='bbox 1476 2456 1619 2502; x_wconf 66' lang='lat' dir='ltr'>gloriae,</span> <span class='ocrx_word' id='word_1_512' title='bbox 1660 2466 1713 2493; x_wconf 89' lang='lat' dir='ltr'>ne</span> 
     </span>
     <span class='ocr_line' id='line_1_90' title="bbox 57 2497 1712 2552; baseline 0.005 -21"><span class='ocrx_word' id='word_1_513' title='bbox 57 2527 60 2531; x_wconf 94' lang='lat'><em>.</em></span> <span class='ocrx_word' id='word_1_514' title='bbox 104 2497 341 2551; x_wconf 73' lang='lat' dir='ltr'>cpnculcetur</span> <span class='ocrx_word' id='word_1_515' title='bbox 363 2509 401 2534; x_wconf 89' lang='lat' dir='ltr'>m</span> <span class='ocrx_word' id='word_1_516' title='bbox 420 2509 481 2552; x_wconf 58' lang='lat' dir='ltr'>isia</span> <span class='ocrx_word' id='word_1_517' title='bbox 499 2499 741 2546; x_wconf 82' lang='lat' dir='ltr'>assiduitatis,</span> <span class='ocrx_word' id='word_1_518' title='bbox 763 2513 810 2539; x_wconf 91' lang='lat' dir='ltr'>ne</span> <span class='ocrx_word' id='word_1_519' title='bbox 829 2510 974 2541; x_wconf 87' lang='lat' dir='ltr'>arescat</span> <span class='ocrx_word' id='word_1_520' title='bbox 996 2504 1036 2540; x_wconf 89' lang='lat' dir='ltr'>in</span> <span class='ocrx_word' id='word_1_521' title='bbox 1057 2507 1162 2550; x_wconf 69' lang='lat' dir='ltr'>petra</span> <span class='ocrx_word' id='word_1_522' title='bbox 1181 2503 1284 2540; x_wconf 83' lang='lat' dir='ltr'>durae</span> <span class='ocrx_word' id='word_1_523' title='bbox 1309 2503 1587 2549; x_wconf 86' lang='lat' dir='ltr'>obstinationis,</span> <span class='ocrx_word' id='word_1_524' title='bbox 1607 2505 1644 2539; x_wconf 90' lang='lat' dir='ltr'>et</span> <span class='ocrx_word' id='word_1_525' title='bbox 1659 2513 1712 2540; x_wconf 87' lang='lat' dir='ltr'>ne</span> 
     </span>
     <span class='ocr_line' id='line_1_91' title="bbox 104 2544 1709 2597; baseline 0.004 -17"><span class='ocrx_word' id='word_1_526' title='bbox 104 2544 308 2597; x_wconf 78' lang='lat' dir='ltr'>suffocetur</span> <span class='ocrx_word' id='word_1_527' title='bbox 323 2555 364 2580; x_wconf 87' lang='grc'>111</span> <span class='ocrx_word' id='word_1_528' title='bbox 384 2555 498 2590; x_wconf 78' lang='lat' dir='ltr'>spinis</span> <span class='ocrx_word' id='word_1_529' title='bbox 520 2547 800 2596; x_wconf 81' lang='lat' dir='ltr'>sollicitudinis3</span> <span class='ocrx_word' id='word_1_530' title='bbox 819 2552 885 2587; x_wconf 82' lang='lat' dir='ltr'>sed</span> <span class='ocrx_word' id='word_1_531' title='bbox 902 2551 1027 2597; x_wconf 88' lang='lat' dir='ltr'>potius</span> <span class='ocrx_word' id='word_1_532' title='bbox 1048 2550 1086 2587; x_wconf 86' lang='lat' dir='ltr'>in</span> <span class='ocrx_word' id='word_1_533' title='bbox 1105 2554 1206 2587; x_wconf 86' lang='lat' dir='ltr'>terra</span> <span class='ocrx_word' id='word_1_534' title='bbox 1221 2551 1323 2587; x_wconf 85' lang='lat' dir='ltr'>bona</span> <span class='ocrx_word' id='word_1_535' title='bbox 1351 2554 1388 2587; x_wconf 83' lang='lat' dir='ltr'>et</span> <span class='ocrx_word' id='word_1_536' title='bbox 1417 2550 1557 2597; x_wconf 87' lang='lat' dir='ltr'>optima</span> <span class='ocrx_word' id='word_1_537' title='bbox 1578 2548 1709 2587; x_wconf 85' lang='lat' dir='ltr'>cordis</span> 
     </span>
     <span class='ocr_line' id='line_1_92' title="bbox 104 2590 1706 2646; baseline 0.004 -20"><span class='ocrx_word' id='word_1_538' title='bbox 104 2590 269 2644; x_wconf 77' lang='lat' dir='ltr'>humilis,</span> <span class='ocrx_word' id='word_1_539' title='bbox 288 2592 545 2645; x_wconf 77' lang='lat' dir='ltr'>compatientis</span> <span class='ocrx_word' id='word_1_540' title='bbox 564 2597 603 2646; x_wconf 82' lang='lat' dir='ltr'>et</span> <span class='ocrx_word' id='word_1_541' title='bbox 622 2594 765 2641; x_wconf 82' lang='lat' dir='ltr'>hilaris,</span> <span class='ocrx_word' id='word_1_542' title='bbox 784 2598 1026 2635; x_wconf 87' lang='lat' dir='ltr'>centesimum</span> <span class='ocrx_word' id='word_1_543' title='bbox 1041 2598 1200 2634; x_wconf 88' lang='lat' dir='ltr'>fructum</span> <span class='ocrx_word' id='word_1_544' title='bbox 1215 2598 1349 2635; x_wconf 83' lang='lat' dir='ltr'>afferat</span> <span class='ocrx_word' id='word_1_545' title='bbox 1362 2598 1399 2635; x_wconf 90' lang='lat' dir='ltr'>iu</span> <span class='ocrx_word' id='word_1_546' title='bbox 1415 2596 1609 2645; x_wconf 83' lang='lat' dir='ltr'>patientia.</span> <span class='ocrx_word' id='word_1_547' title='bbox 1632 2597 1706 2633; x_wconf 83' lang='lat' dir='ltr'>Fac</span> 
     </span>
     <span class='ocr_line' id='line_1_93' title="bbox 105 2639 1705 2691; baseline 0.003 -18"><span class='ocrx_word' id='word_1_548' title='bbox 105 2641 219 2674; x_wconf 81' lang='lat' dir='ltr'>etiam</span> <span class='ocrx_word' id='word_1_549' title='bbox 238 2648 298 2674; x_wconf 88' lang='lat' dir='ltr'>me</span> <span class='ocrx_word' id='word_1_550' title='bbox 317 2639 397 2674; x_wconf 77' lang='lat' dir='ltr'>haec</span> <span class='ocrx_word' id='word_1_551' title='bbox 418 2649 601 2676; x_wconf 86' lang='lat' dir='ltr'>ommam</span> <span class='ocrx_word' id='word_1_552' title='bbox 620 2643 807 2687; x_wconf 87' lang='lat' dir='ltr'>parabolis</span> <span class='ocrx_word' id='word_1_553' title='bbox 833 2645 931 2682; x_wconf 86' lang='lat' dir='ltr'>dicta</span> <span class='ocrx_word' id='word_1_554' title='bbox 955 2644 1163 2691; x_wconf 83' lang='lat' dir='ltr'>intelligere</span> <span class='ocrx_word' id='word_1_555' title='bbox 1184 2648 1221 2681; x_wconf 91' lang='lat' dir='ltr'>et</span> <span class='ocrx_word' id='word_1_556' title='bbox 1244 2645 1378 2689; x_wconf 82' lang='lat' dir='ltr'>facere,</span> <span class='ocrx_word' id='word_1_557' title='bbox 1412 2655 1455 2682; x_wconf 87' lang='lat' dir='ltr'>ac</span> <span class='ocrx_word' id='word_1_558' title='bbox 1491 2644 1618 2687; x_wconf 86' lang='lat' dir='ltr'>verbo,</span> <span class='ocrx_word' id='word_1_559' title='bbox 1644 2642 1705 2679; x_wconf 84' lang='lat' dir='ltr'>vel</span> 
     </span>
    </p>
   </div>
   <div class='ocr_carea' id='block_1_12' title="bbox 104 2685 878 2732">
    <p class='ocr_par' dir='ltr' id='par_1_13' title="bbox 104 2685 878 2732">
     <span class='ocr_line' id='line_1_94' title="bbox 104 2685 878 2732; baseline 0.01 -13"><span class='ocrx_word' id='word_1_560' title='bbox 104 2685 250 2727; x_wconf 84' lang='lat' dir='ltr'>saltem,</span> <span class='ocrx_word' id='word_1_561' title='bbox 273 2686 454 2732; x_wconf 82' lang='lat' dir='ltr'>exemplo,</span> <span class='ocrx_word' id='word_1_562' title='bbox 469 2686 563 2722; x_wconf 87' lang='lat' dir='ltr'>alios</span> <span class='ocrx_word' id='word_1_563' title='bbox 576 2688 721 2724; x_wconf 82' lang='lat' dir='ltr'>docere.</span> <span class='ocrx_word' id='word_1_564' title='bbox 748 2691 878 2727; x_wconf 81' lang='lat' dir='ltr'>Amen.</span> 
     </span>
    </p>
   </div>
  </div>
 </body>
</html>
