1894 3186
524 150 575 184 DE
613 151 966 186 TRAlllTIONIBUS
1005 152 1347 187 PltAttlsltuttttM.
1701 157 1760 189 317

117 227 250 263 (tutem,
276 226 311 258 ut
348 221 540 268 prastaam,
563 223 596 257 si
616 234 718 266 caeco,
742 227 780 259 ut
813 225 899 260 sub-

118 270 209 315 dito,
241 270 413 305 ducatum
442 272 600 322 praestet,
629 271 732 305 nrnbo
769 273 806 306 in
839 273 897 315 fo-

116 329 217 353 veam
250 318 398 360 cadunt,
427 321 522 352 sicut
557 316 758 362 obliquitas
787 317 897 354 lineae

116 364 285 410 procedit
307 375 349 400 ex
368 363 590 409 obliquitate
616 365 768 411 regulae.
794 367 897 402 Unde

114 412 217 448 idom
252 413 482 456 Greqorz'ns:
512 426 523 443 «
556 412 646 447 Cum
671 415 798 457 pastor
833 424 899 458 per

115 458 461 505 abruptavitiorum
472 457 898 505 graditur‚consequens

115 510 172 543 est
188 511 228 542 ut
246 517 336 552 grex
356 505 394 541 in
411 505 666 552 praecipitium
688 507 895 543 ducatur.»

117 554 222 590 Unde
240 557 277 589 et
293 554 504 589 Bernartius
527 564 535 588 :
561 567 579 585 «
600 553 817 590 Ridiculosa
837 566 898 591 res

116 605 185 646 est,
202 601 277 636 imo
299 602 420 647 magis
440 599 664 645 periculosa,
683 602 899 646 speculator

116 659 252 693 otacus,
267 648 399 684 doctor
414 649 563 691 inscius,
577 658 789 694 prrecursor
804 650 900 685 clau-

116 696 199 740 dus,
219 696 400 742 prfelatus
436 695 644 741 negligens,
666 706 790 742 praeco
819 708 899 732 niu-

116 748 188 780 tus.
213 744 299 786 Sed,
323 744 419 779 heu!
444 743 531 789 quia
563 742 659 778 sicut
685 744 807 779 claudi
832 756 897 780 vo-

118 792 199 827 lunt
220 790 369 837 praeire,
393 790 445 827 ita
464 790 555 826 fatui
576 801 754 836 praeesse.
777 807 793 821 »

164 842 183 874 5
206 841 367 874 PECCATA
387 851 423 873 ln
445 850 558 874 conns
580 850 828 875 GENERANTUR.
854 860 899 866 -

115 886 271 931 Deinde,
304 887 414 921 Petro
436 885 620 932 exigente.
651 886 820 932 exposuit
842 887 898 923 di-

115 932 267 980 scipulis
286 934 502 978 parabolani
524 933 743 980 praedictam
763 946 769 969 :
790 935 897 978 Quia,

118 992 221 1017 omne
241 982 339 1026 quod
360 983 399 1016 in
420 992 457 1016 os
488 983 619 1023 intrat,
641 980 678 1016 id
700 985 754 1016 est
774 981 900 1027 aliqua

120 1039 207 1074 pars
229 1029 274 1065 de
305 1030 407 1064 omni
439 1029 536 1074 quud
567 1028 683 1064 intrat
712 1031 747 1064 iu
784 1040 840 1073 os,
860 1032 900 1065 z'n

115 1081 274 1112 ventrem
290 1077 394 1111 vadit
421 1081 454 1112 et
475 1079 513 1111 in
528 1087 701 1111 secessum
733 1087 800 1122 per
816 1088 899 1112 eva.-

116 1123 330 1159 cuationem
347 1128 541 1169 tamquam
555 1124 788 1169 superfluum
800 1126 900 1159 emit-

117 1173 227 1214 titur;
251 1175 287 1207 et
308 1171 411 1207 aliud
433 1175 626 1216 tamquam
640 1171 897 1207 necessarium

116 1217 316 1262 retinetur,
348 1224 383 1254 et
411 1223 585 1254 neutrum
609 1219 766 1253 istorum
795 1218 897 1253 coin—

117 1264 249 1311 quinat
270 1265 464 1301 hominem
487 1265 745 1311 spiritualiter.
768 1266 811 1300 Et
828 1265 898 1301 iste

116 1313 249 1348 modus
275 1313 453 1359 loquendi
475 1313 653 1358 frequens
672 1311 783 1348 estin
805 1313 898 1348 Scri-

116 1366 241 1406 ptura,
262 1364 302 1396 ut
320 1360 360 1396 in
380 1360 536 1396 Michaea
555 1372 562 1395 :
586 1361 713 1396 Omnes
724 1362 900 1403 sanquine*

114 1409 357 1451 insidiantur,
375 1407 411 1443 id
434 1414 489 1443 est
506 1408 551 1443 de
571 1407 746 1443 omnibus
768 1407 895 1451 multi3

114 1458 150 1490 et
166 1454 317 1490 similia.
335 1456 419 1498 Qnae
432 1459 552 1490 autem
565 1456 765 1500 procedunt
779 1456 823 1489 de
841 1466 899 1490 ore

114 1501 216 1538 intus
234 1506 452 1545 nascuntur,
470 1507 505 1537 et
519 1503 563 1537 de
577 1503 680 1537 corde
698 1506 842 1540 eaeeunt,
861 1502 898 1537 id

113 1553 171 1584 est
183 1549 228 1585 de
251 1549 377 1585 cordis
396 1549 650 1593 immunditia,
664 1549 759 1585 sicut
775 1550 898 1585 lunius

114 1597 161 1632 de
176 1596 275 1642 igne,
293 1602 329 1632 et
349 1597 460 1633 t'oetor
479 1597 525 1632 de
544 1596 697 1639 latrina;
723 1601 755 1632 et
779 1608 820 1632 ea
840 1598 899 1632 ho-

113 1646 260 1687 minem,
294 1645 375 1690 jam
393 1644 632 1690 inquinatum
666 1643 897 1690 cogitatione

112 1702 241 1738 prava,
254 1694 507 1737 coinquinant.
522 1691 560 1727 id
574 1696 629 1727 est
643 1690 768 1735 simul,
785 1696 843 1736 atq
852 1702 895 1727 ue

111 1738 232 1784 magis
261 1738 477 1785 inquinant,
500 1738 690 1774 locutione
725 1738 895 1782 sordida,

111 1785 201 1832 quia
220 1790 307 1822 sunt
325 1791 528 1832 conceptus
551 1788 703 1826 mentis,
729 1790 765 1821 et
785 1787 895 1822 malae

111 1833 355 1879 cogitationis
389 1833 654 1880 significativa.
682 1835 733 1869 Ex
754 1834 895 1880 cogita-

112 1880 281 1917 tionibus
317 1881 416 1916 enim
451 1881 560 1916 malis
596 1880 823 1927 proveniunt
860 1885 895 1917 et

110 1929 211 1964 mala
233 1929 360 1972 verba,
383 1932 419 1964 et
437 1929 537 1965 mala
558 1929 680 1970 facta,·
699 1933 736 1964 et
754 1928 792 1963 in
810 1933 896 1964 actu

110 1974 281 2011 interiori
297 1975 557 2022 principaliter
576 1980 633 2011 est
651 1976 775 2021 culpa,
789 1977 896 2022 cujus

111 2034 154 2058 ea
176 2033 260 2068 quae
280 2027 384 2059 extra
402 2027 601 2069 apparent,
616 2027 705 2059 sunt
728 2022 896 2059 testimo-

113 2072 189 2106 nia.
217 2070 319 2106 Unde
344 2071 561 2116 subjungit:
587 2074 635 2106 De
661 2071 765 2105 corde
786 2073 894 2113 enim,

112 2116 151 2153 in
171 2128 245 2163 quo
269 2123 326 2153 est
347 2119 456 2154 sedes
477 2118 625 2160 animze,
653 2122 689 2153 et
710 2118 756 2153 de
777 2119 895 2154 libero

110 2164 282 2203 arbitrio.
297 2170 426 2201 eoeeunt
445 2168 682 2210 coyitatc‘ones
700 2167 817 2206 mulae,
829 2165 896 2201 sic-

111 2218 151 2248 ut
166 2211 350 2259 principia
365 2212 537 2256 malitiae3
553 2217 589 2248 et
601 2223 641 2249 ex
663 2212 898 2258 cogitationi-

111 2260 180 2296 bus
201 2260 324 2303 matis,
343 2260 429 2296 mali
453 2264 558 2296 actus
578 2264 615 2295 et
635 2262 749 2297 verba
763 2271 896 2306 proce-

111 2306 204 2342 dunt
217 2307 385 2351 ulterius,
397 2307 556 2344 scilicet:
571 2309 784 2352 homicidia,
795 2308 899 2342 adul-

110 2355 216 2390 teria.
238 2356 516 2400 fornicationes,
532 2357 652 2399 furta,
671 2357 771 2398 falsa
792 2357 896 2390 testi-

110 2402 247 2445 monia,
269 2402 517 2448 blasphemae.
537 2406 587 2447 et,
607 2407 646 2438 ut
662 2402 714 2438 ait
735 2404 896 2446 Marcus,

111 2450 288 2492 avaritia,
316 2448 356 2484 in
387 2456 571 2495 quantum
608 2450 733 2496 aliqua
759 2449 898 2495 injuste

111 2495 333 2531 detinentur
353 2507 361 2540 ;
385 2500 421 2532 et
442 2499 625 2542 nequitia,
648 2508 734 2532 sum
758 2496 898 2532 malum

110 2543 348 2586 affectamus,
367 2544 468 2589 quod
486 2544 643 2588 implere
666 2554 739 2578 non
762 2553 896 2588 possu-

112 2600 218 2634 mus;
237 2594 273 2625 et
298 2591 419 2633 docus,
446 2591 510 2636 qui
533 2589 705 2626 consistit
725 2590 764 2624 in
786 2589 894 2625 dece-

110 2637 239 2683 ptione
254 2637 413 2682 proximi
429 2648 437 2680 ;
459 2641 494 2672 et
512 2639 760 2683 impudicitia,
779 2637 815 2671 in
832 2647 895 2672 co·

112 2683 375 2730 gitationibus‚
393 2684 431 2720 in
457 2685 595 2728 verbis,
612 2684 651 2720 in
673 2687 841 2730 aspectu,
857 2683 894 2719 in

111 2735 227 2776 tactu,
248 2735 284 2767 et
310 2735 493 2777 quantum
513 2732 561 2768 ad
583 2732 793 2778 quamlibet
810 2742 894 2767 cor-

115 2778 328 2825 ruptionem
343 2780 479 2815 mentis
497 2782 533 2815 et
553 2780 721 2826 corporis
736 2790 745 2823 3
762 2782 796 2814 et
808 2789 894 2814 ocu-

971 225 1027 259 lus
1048 225 1180 264 malus,
1202 223 1236 259 izi
1265 227 1319 259 est
1343 225 1471 261 odium
1494 229 1527 260 ot
1556 226 1726 262 adulatio
1748 239 1755 270 ;

971 282 1057 306 nani
1074 270 1134 316 qui
1152 271 1244 313 odit,
1261 273 1409 307 oculum
1431 272 1598 309 invidum
1614 278 1650 309 ct
1673 286 1750 309 ma-

971 318 1047 354 lum
1063 319 1174 353 habet
1189 319 1235 353 ad
1248 329 1331 353 euin
1346 330 1457 364 quein
1471 320 1562 361 odit,
1575 325 1609 356 rt
1621 321 1751 357 adula-

971 369 1029 401 tor
1055 376 1129 401 non
1153 370 1253 400 recto
1276 366 1381 401 oculu
1402 367 1532 403 videns
1560 379 1642 414 quae
1665 372 1755 404 sunt

971 412 1142 459 proximi,
1160 413 1207 448 ad
1221 413 1360 448 malum
1380 413 1500 459 ipsum
1522 415 1697 459 deducit;
1717 420 1753 452 et

971 461 1156 506 superbia.
1179 460 1215 495 in
1234 460 1370 498 verbis,
1393 461 1514 505 tactis,
1536 463 1591 498 vel
1609 463 1752 508 signis;

972 511 1005 543 et
1030 509 1208 551 stultitia,
1233 518 1317 543 cum
1344 509 1413 543 scit
1433 510 1590 553 malum,
1616 514 1653 546 et
1676 522 1755 546 nou

972 558 1091 597 cavet,
1116 555 1173 590 vel
1193 554 1352 591 stultitia
1369 558 1425 590 est
1449 567 1531 591 cum
1558 568 1632 593 non
1655 561 1756 594 recte

974 602 1134 638 sentitur
1159 602 1205 638 de
1238 603 1337 645 De03
1367 603 1621 639 contrariatur
1653 605 1753 640 enini

974 649 1182 696 sapientiae,
1206 660 1289 695 quae
1317 655 1373 686 est
1393 650 1607 687 divinarum
1629 663 1756 688 rerum

973 697 1152 741 cognitio.
1176 697 1310 733 Omnia
1331 699 1403 733 haec
1430 698 1542 742 mala,
1568 703 1605 734 et
1625 700 1757 745 hujus-

974 745 1120 780 cemodi
1140 744 1463 790 transgressiones
1482 750 1757 792 praeceptorum

974 792 1053 832 Dei,
1078 792 1117 827 in
1136 792 1247 828 corde
1269 796 1513 838 generantur,
1535 797 1585 837 et,
1606 794 1692 839 quia
1710 795 1756 830 ab

974 839 1075 875 intus
1090 850 1111 875 a
1127 846 1306 885 corrupta
1323 841 1515 876 voluntate
1533 842 1756 887 procedunt,

973 891 1058 922 sunt
1081 898 1159 932 quae
1174 887 1420 933 spiritualiter
1434 890 1673 933 coinquinant
1694 891 1755 925 ho-

973 937 1119 977 minem,
1134 934 1170 969 id
1187 938 1243 970 est
1256 934 1493 970 immundum
1509 940 1545 971 et
1565 935 1755 981 impurum

974 982 1149 1017 reddunt.
1174 984 1248 1018 Hoc
1265 993 1366 1018 enim
1385 981 1423 1017 in
1444 983 1591 1029 culpam
1612 983 1756 1019 homini

973 1028 1195 1075 imputatur,
1218 1033 1316 1075 quod
1338 1029 1376 1065 in
1398 1041 1465 1066 sua
1482 1034 1666 1076 potestate
1681 1031 1756 1067 exi—

973 1076 1058 1120 stit3
1082 1076 1173 1112 talia
1192 1083 1318 1113 autem
1340 1081 1427 1113 sunt
1451 1088 1533 1123 quae
1547 1079 1756 1124 procedunt

973 1125 1019 1160 ab
1038 1124 1210 1159 interiori
1235 1125 1443 1169 voluntate,
1462 1136 1529 1171 per
1550 1136 1663 1171 quam
1690 1127 1757 1162 ho-

973 1181 1034 1206 mo
1057 1175 1113 1206 est
1139 1176 1289 1207 actuum
1323 1183 1476 1208 suorum
1500 1173 1698 1216 dominus3
1722 1177 1756 1208 et

971 1217 1057 1254 ideo
1100 1229 1215 1254 causa
1253 1218 1503 1255 immunditiae
1553 1220 1758 1266 spiritualis

973 1276 1048 1301 non
1064 1269 1120 1303 est
1137 1266 1207 1301 nisi
1223 1267 1322 1301 mala
1335 1266 1521 1302 voluntas.
1536 1267 1653 1312 Igitur
1665 1267 1758 1304 Scri-

972 1312 1107 1348 barum
1130 1319 1167 1349 et
1195 1313 1473 1350 Pharisaeorum
1496 1316 1610 1350 verba
1636 1315 1756 1351 male-

972 1359 1085 1404 dicta,
1098 1372 1182 1406 quae
1202 1371 1245 1396 ex
1267 1360 1400 1406 iniqua
1418 1362 1609 1398 voluntate
1624 1366 1757 1399 contra

972 1408 1162 1444 Christum
1191 1414 1226 1443 et
1262 1408 1467 1455 discipulos
1510 1410 1592 1455 ejus
1627 1420 1757 1456 proce·

972 1455 1079 1499 dunt,
1100 1455 1166 1491 illa
1188 1466 1253 1491 eos
1277 1455 1539 1501 coinquinant.
1563 1459 1644 1494 Non
1671 1459 1755 1493 lotis

972 1507 1092 1537 autem
1121 1504 1290 1538 manibus
1311 1505 1546 1545 manducare,
1570 1508 1605 1539 et
1625 1505 1754 1550 hujus-

972 1549 1117 1585 cemodi
1133 1550 1456 1596 transgressiones
1479 1551 1756 1597 superstitiosa—

972 1608 1057 1633 rum
1075 1597 1335 1641 traditionum,
1351 1609 1420 1634 non
1439 1601 1680 1644 coinquinant
1697 1601 1756 1635 ho—

972 1647 1104 1679 minem
1130 1644 1374 1681 immunditia
1404 1645 1602 1691 spirituali,
1633 1657 1754 1692 neque

972 1691 1115 1728 faciunt
1136 1691 1339 1738 impurum.
1363 1693 1476 1736 Quasi
1503 1693 1645 1729 diceret
1667 1705 1675 1729 :
1707 1696 1755 1730 Ex

972 1749 1045 1784 quo
1065 1739 1188 1775 nullus
1210 1740 1317 1775 cibus
1337 1740 1556 1786 coinquinat
1579 1740 1755 1787 spiritua-

971 1786 1058 1822 liter
1084 1787 1291 1829 hominem,
1329 1798 1419 1833 ergo
1451 1799 1473 1823 a
1507 1788 1658 1833 minori,
1680 1800 1754 1824 non

971 1834 1058 1869 lotis
1079 1834 1255 1870 manibus
1282 1835 1529 1879 manducare,
1552 1847 1627 1872 non
1650 1836 1754 1872 coin-

971 1881 1103 1927 quinat
1124 1893 1210 1917 eum
1228 1895 1238 1924 ,·
1261 1881 1363 1918 etsic
1385 1883 1549 1918 ostendit
1566 1884 1667 1929 quod
1684 1883 1757 1929 spi-

970 1929 1122 1964 ritualia
1148 1929 1364 1965 litteraliter
1399 1930 1560 1976 intelligi
1590 1942 1665 1966 non
1689 1931 1753 1967 de-

970 1977 1075 2012 bent.
1098 1976 1215 2019 Unde,
1238 1977 1404 2023 quaudo,
1425 1977 1464 2012 in
1486 1978 1678 2024 Scriptura
1700 1990 1754 2014 sa-

971 2034 1046 2068 cra,
1069 2024 1287 2070 praecipitur
1307 2025 1398 2060 lotio
1422 2025 1611 2066 absolute,
1635 2025 1755 2072 magis

971 2071 1016 2106 de
1038 2071 1223 2117 spirituali
1244 2083 1357 2115 quam
1380 2073 1424 2107 de
1445 2072 1632 2118 corporali
1652 2073 1758 2108 intel-

971 2118 1166 2163 ligendum
1202 2124 1258 2154 est
1288 2118 1442 2155 lotione.
1473 2120 1559 2164 Sed,
1596 2123 1637 2156 ut
1663 2119 1756 2157 dicit

973 2167 1274 2211 chrysostomus.-
1297 2181 1313 2200 «
1343 2166 1521 2203 Videmus
1543 2168 1693 2212 multos,
1714 2171 1757 2204 ut

972 2212 1116 2248 intrant
1136 2214 1342 2249 Ecclesiam
1364 2214 1534 2250 lavantes
1557 2226 1692 2251 manus
1718 2219 1756 2251 et

973 2271 1038 2303 os;
1063 2261 1224 2306 qualiter
1246 2266 1371 2297 autem
1393 2262 1576 2298 mundam
1592 2263 1756 2298 offerant

971 2307 1152 2349 animan,
1180 2319 1309 2344 curam
1340 2310 1485 2345 nullam
1517 2309 1713 2346 facientes.
1737 2324 1755 2344 »

972 2357 1119 2391 Marcus
1144 2366 1210 2402 pro
1229 2367 1300 2392 non
1322 2358 1421 2401 lotis,
1434 2359 1541 2403 ponit
1555 2358 1756 2393 communi-

973 2403 1056 2446 bus;
1089 2406 1125 2439 et
1158 2414 1225 2449 pro
1249 2406 1477 2449 coinquinat.
1510 2403 1617 2449 ponit
1654 2416 1756 2440 com-

971 2452 1147 2490 municat,
1179 2451 1286 2495 juxta
1320 2452 1566 2486 Hebraeorum
1594 2450 1753 2495 idioma,

973 2497 1034 2542 qui
1063 2507 1263 2532 commune
1300 2496 1536 2533 immundum
1562 2497 1751 2533 dicebant.

969 2544 1088 2578 Judaei
1107 2542 1205 2579 enim
1222 2547 1368 2589 partem
1390 2555 1428 2580 se
1451 2546 1513 2580 Dei
1544 2555 1625 2580 esse
1642 2545 1752 2589 jacti-

970 2594 1107 2633 tantes,
1136 2602 1356 2627 communes
1385 2592 1487 2627 cibos
1521 2596 1655 2627 vocant
1676 2592 1755 2637 qui-

970 2638 1039 2673 bus
1070 2648 1202 2674 omnes
1244 2642 1398 2674 utuntur
1432 2638 1618 2683 homines,
1660 2649 1754 2684 quos

969 2684 1069 2729 ideo,
1093 2685 1182 2731 quia
1208 2685 1246 2721 in
1286 2687 1381 2731 Lege
1419 2685 1596 2731 prohibiti
1629 2692 1753 2733 erant,

968 2731 1187 2769 immundos
1206 2732 1449 2778 judicabant;
1472 2743 1673 2769 commune
1698 2745 1757 2769 er-

970 2789 1016 2825 go
1037 2780 1137 2827 quod
1155 2780 1291 2816 ceteris
1329 2779 1549 2816 hominibus
1574 2784 1691 2827 patet,
1717 2784 1754 2817 et
