1894 3186
165 192 206 228 50
684 187 831 221 PRIMAE
868 185 1023 222 PARTIS
1061 184 1199 220 CAPUT
1239 185 1301 221 1211

166 262 205 299 in
224 259 444 308 parentibus
466 270 475 295 t
499 268 584 294 cum
609 257 721 293 etiam
743 257 859 293 frater
878 256 954 292 sra-

167 314 263 345 trem
285 308 492 344 traditurus
506 310 563 341 est
582 304 618 341 in
639 310 810 347 mortem,
835 307 955 349 pater,

167 356 304 400 filium,
333 359 369 390 et
405 353 504 389 filius
539 358 693 397 patrem.
721 353 812 387 Vide
847 352 956 395 quale

168 407 259 440 tunc
275 402 488 438 incendium
510 400 780 447 persecutionis
795 399 956 442 ardebit,

170 456 211 488 ut
233 461 300 486 nec
321 449 391 485 sibi
416 450 482 494 ipsi
508 452 636 493 parcat
667 446 820 482 natura!
857 446 955 488 Quo-

168 499 282 536 modo
328 502 453 532 autem
490 499 581 531 tunc
609 500 850 540 patronorum
893 496 958 527 aut

169 546 377 582 amicorum
417 543 529 578 fidem
569 542 752 585 integram
796 550 956 585 qiiaeras,

168 603 253 630 cum
290 591 428 627 visuris
464 589 669 625 amicitiam
710 587 958 622 fraternitatis

168 644 205 677 et
243 639 478 685 paternitatis
518 647 599 672 esse
638 632 885 670 exstinctam?
919 634 956 669 Si

167 686 270 724 enim
292 685 457 721 amicitia
481 685 516 719 in
537 684 613 728 ipsa
637 687 773 717 natura
793 681 956 723 delii-iet,

169 734 359 781 quomodo
375 732 586 767 invenietur
596 733 699 764 extra
718 728 919 763 naturam?
940 740 958 760 »

168 782 249 819 haec
271 782 554 823 chrysostomus.
582 777 713 813 Stilitlit
735 781 860 810 autem
883 785 891 809 :
912 776 959 810 Et

167 831 271 866 eritis
288 829 369 863 odio
390 826 556 862 omnibus
577 824 795 864 hominibus,
824 822 957 856 huma-

168 887 218 914 na
250 873 482 921 sapientibus
508 900 516 915 ,
552 872 693 906 scilicet
732 868 960 904 amatoribus

167 923 315 965 mundi,
351 922 412 966 qui
450 919 592 955 inimici
620 918 813 969 stintebei.
841 917 958 950 Homo

169 972 270 1007 enim
312 969 371 1004 liic
395 967 513 1011 magis
548 967 638 1000 dicit
669 966 812 1004 vitium,
848 973 959 1006 quam

167 1023 356 1055 naturam,
379 1016 466 1060 quia
482 1013 638 1048 iiiziltiiui
659 1015 962 1062 i·‹·pii;:natainor

168 1066 249 1107 Dei,
273 1068 309 1099 ct
333 1062 463 1098 muudi
488 1075 495 1095 ι
521 1061 661 1095 distant
681 1059 777 1092 viiiui
803 1061 899 1092 iiiler
920 1067 960 1091 se

169 1112 251 1159 plus
274 1121 385 1153 Quarti
411 1108 543 1143 roelum
569 1111 604 1143 ct
627 1111 740 1140 terra.
765 1105 875 1147 Quasi
902 1104 961 1156 di-

170 1164 230 1196 cat
250 1158 391 1194 :Eritis
414 1156 496 1190 odio
519 1165 591 1189 nou
629 1152 747 1188 solum
790 1152 959 1193 inimicis,

170 1207 235 1243 sed
262 1206 374 1240 etiam
408 1202 560 1245 amicis;
596 1211 668 1235 non
692 1200 812 1234 solum
840 1202 961 1232 extra-

170 1255 264 1295 neis,
300 1251 364 1287 sed
407 1250 518 1285 etiam
552 1248 786 1294 propinquis,
820 1246 963 1280 scilicet

173 1299 390 1347 parentibus
434 1299 471 1331 «t
517 1294 706 1330 fratribus.
758 1294 963 1337 Sequentes

171 1348 310 1385 etciiiiii
337 1343 525 1380 Christum
547 1343 761 1387 frequenter
781 1343 867 1375 sunt
888 1340 964 1373 odi-

172 1396 229 1432 osi
259 1393 355 1434 aliis,
386 1391 497 1426 etiam
532 1388 746 1424 carnalibus
771 1386 959 1422 fratribus.

172 1443 218 1479 Et
250 1439 434 1481 subditur,
471 1440 619 1483 propter
659 1446 784 1470 nomen
821 1445 960 1474 meum,

173 1490 272 1536 quod
309 1487 459 1522 additur
482 1488 636 1530 propter
661 1482 958 1517 consolationem

173 1545 318 1577 eorum,
355 1533 442 1578 quia
466 1529 684 1566 delectabile
723 1534 776 1563 cst
809 1533 960 1572 propter

174 1592 342 1621 amorem
381 1577 542 1614 nominis
578 1576 724 1612 Domini
754 1585 834 1610 esse
875 1575 955 1610 odi-

175 1640 294 1667 osum.
321 1629 424 1671 Quod
450 1625 548 1660 enim
574 1625 735 1659 habetur
755 1621 854 1664 odio,
881 1633 962 1666 pro-

176 1682 259 1724 pter
293 1684 427 1710 nomon
451 1671 601 1714 Christi,
625 1680 737 1721 causa
767 1674 820 1703 cst
852 1670 959 1722 sulti.-

176 1724 278 1761 ciens
314 1723 498 1767 patienter
534 1722 814 1764 persecutiones
854 1722 959 1768 susti-

177 1770 317 1810 nendi;
343 1768 444 1803 etad
475 1767 545 1802 hoe
575 1774 752 1810 maguum
789 1767 957 1808 sequitur

178 1816 394 1865 praemium,
421 1815 508 1858 quia
532 1823 605 1848 non
644 1813 845 1857 martyrem
869 1811 957 1845 tacit

179 1875 300 1912 poena.
329 1863 393 1897 scd
423 1871 545 1895 causa.

227 1927 246 1958 7
277 1913 445 1946 Primnum
467 1915 800 1943 pensi-:venaminus
822 1915 957 1939 REpno-

178 1969 320 1995 mssuiii.
361 1976 404 1982 —
445 1957 486 1990 Et
518 1966 561 1989 nc
593 1966 627 1987 iii
651 1951 957 1988 tribulationibus

180 2006 370 2047 deficiant,
394 2000 954 2043 consolaturi=os,siilijiiii;.rieiis:

179 2053 250 2097 Qui
269 2057 387 2087 autem
404 2049 685 2096 perseveraverit
703 2056 816 2090 usque
845 2048 883 2080 in
913 2047 957 2090 fi-

179 2111 274 2143 nem,
296 2098 439 2134 scilicet
474 2098 510 2131 in
532 2096 652 2141 gratia
689 2094 957 2138 permanendo,

181 2158 259 2184 non
287 2146 448 2181 finaliter
466 2142 772 2184 succumliciidog
801 2141 871 2183 vel,
897 2151 958 2175 se-

182 2195 345 2230 cundum
363 2193 580 2235 Remmium,
604 2189 665 2235 qui
695 2191 879 2233 praeccpta
911 2187 956 2239 fi-

182 2242 242 2278 dei
272 2251 348 2275 non
384 2238 591 2274 deseruerit
626 2241 663 2270 et
688 2237 721 2270 in
759 2239 958 2280 persecuti-

181 2288 318 2325 onibus
337 2297 410 2321 non
435 2285 625 2327 defecerit,
649 2284 705 2317 hic
724 2283 849 2316 salvus
871 2283 954 2324 erit,

182 2337 269 2382 quia
297 2335 392 2376 tine,
415 2343 490 2368 nou
513 2342 652 2377 pugna,
673 2332 828 2364 coronat
851 2340 870 2380 :—
886 2339 960 2363 non

183 2384 285 2419 enirn
318 2380 485 2426 coepisse.
515 2379 578 2413 scd
609 2377 818 2422 persei-isse,
842 2380 956 2411 virtu-

180 2429 228 2465 tis
246 2433 312 2464 est.
338 2429 376 2462 ln
401 2436 474 2472 quo
493 2436 566 2460 non
594 2425 778 2460 modicam
796 2425 859 2459 dat
875 2433 960 2458 con-

181 2477 403 2512 solationem
425 2475 521 2508 'iuter
542 2471 817 2516 persecutiones
847 2474 883 2506 et
919 2471 956 2505 in

179 2521 380 2560 tolerantia
420 2520 717 2555 tribulationum.
756 2517 843 2562 quia
881 2527 956 2552 non

181 2569 457 2609 inchoantibus,
502 2567 565 2602 sed
613 2565 951 2610 perseverantibusv

183 2619 376 2653 confertur
395 2614 606 2660 praemium.
634 2614 714 2649 Non
736 2622 833 2646 i·niiii
855 2622 952 2647 coro-

177 2669 302 2708 natur,
346 2664 420 2697 nisi
454 2662 519 2706 qui
556 2661 714 2704 leqz'time
744 2661 948 2694 certaverit.

178 2712 254 2747 Hoc
274 2710 506 2756 significatur
529 2708 566 2742 in
595 2705 701 2751 signo
737 2708 824 2745 Tau,
865 2717 950 2751 quae

174 2764 230 2798 est
247 2759 377 2794 ultima
400 2756 537 2795 littera,
560 2764 633 2799 quo
657 2764 786 2788 omues
806 2755 949 2788 salvan-

193 2807 204 2843 1'
222 2804 537 2852 signantur.Dieit
556 2803 724 2837 enimhz'c
738 2800 777 2835 in
797 2802 946 2846 signum

1035 256 1272 292 discretionis
1296 255 1568 303 singularitatis
1586 258 1622 292 et
1639 255 1811 301 paucita-

1033 303 1093 338 tis.
1116 304 1221 339 Unde
1250 305 1523 349 Chrysostomus
1544 316 1555 339 .·
1589 318 1606 336 «
1629 304 1722 347 Quia
1754 304 1810 340 in-

1033 351 1157 396 cipere
1174 351 1372 386 multorum
1387 357 1455 395 est,
1469 351 1575 386 finire
1589 361 1812 395 paucorum;

1033 409 1181 443 semper
1203 399 1238 433 in
1263 399 1445 443 principio
1468 397 1666 433 delectatio
1686 401 1754 442 est,
1774 397 1815 434 in

1035 445 1108 480 fine
1147 445 1331 489 probatio.
1369 447 1467 482 Cura
1502 446 1609 481 bonae
1648 444 1735 480 fidei
1757 448 1813 481 est

1033 493 1152 527 exitus
1178 492 1309 535 honus,
1333 493 1511 538 quoniam
1546 494 1711 536 incipere
1742 491 1812 528 ali-

1035 540 1132 584 quod
1156 539 1292 575 bonum
1323 551 1396 576 non
1419 541 1623 583 gloriosum
1651 545 1719 584 est,
1747 538 1813 575 sed

1036 586 1158 622 finire.
1185 588 1291 629 Quod
1316 592 1467 632 propter
1491 589 1605 623 {teum
1627 587 1680 630 fit,
1705 590 1812 622 aeter-

1035 644 1123 668 num
1144 638 1213 677 est,
1231 635 1327 669 sicut
1343 634 1439 670 Deus
1458 639 1619 670 aeternus
1637 639 1704 669 est.
1720 634 1814 670 Cum

1035 691 1125 726 ergo
1166 691 1367 716 conversus
1400 681 1514 716 fueris
1545 682 1589 716 ad
1623 682 1755 725 Deum,
1777 683 1814 715 et

1036 729 1190 773 coeperis
1208 729 1282 763 Deo
1300 729 1451 769 servire,
1473 732 1510 763 et
1529 738 1642 772 opera
1657 728 1813 773 justitiae

1034 775 1172 820 facere,
1194 786 1262 810 nec
1285 775 1488 820 aliquando
1505 780 1587 810 acta
1619 778 1685 810 tua
1719 784 1812 820 prae-

1035 823 1145 857 terita
1193 823 1416 861 recorderis,
1458 823 1520 857 sed
1560 822 1672 857 finem
1708 826 1814 857 tuum

1036 870 1172 913 cogita,
1212 869 1301 914 quia
1335 870 1610 914 praeteritorum
1656 878 1814 914 operum

1036 918 1219 951 bonorum
1261 917 1508 951 consideratio
1544 915 1812 962 negligentiam

1036 964 1091 998 vel
1126 963 1347 1007 jactantiam
1375 969 1565 1006 operatur,
1595 963 1812 998 considera-

1037 1011 1087 1045 tio
1101 1016 1226 1045 autem
1242 1011 1506 1045 linistimvirein
1525 1009 1658 1055 gignit..
1678 1023 1694 1042 »
1708 1009 1814 1046 Unde

1037 1062 1073 1092 tet
1094 1058 1298 1092 Bernartius
1322 1057 1373 1091 sic
1393 1057 1470 1092 ait:
1494 1070 1510 1090 «
1535 1056 1816 1093 Perseverantia

1037 1110 1093 1140 est
1132 1105 1236 1150 vigor
1270 1105 1417 1148 viritim,
1450 1104 1719 1140 consummatio
1747 1104 1817 1140 vir-

1037 1156 1172 1194 tutum,
1215 1153 1336 1186 nutrix
1373 1153 1417 1186 ad
1457 1151 1644 1197 meritum,
1679 1149 1816 1187 media-

1038 1198 1109 1233 trix
1136 1199 1180 1233 ad
1214 1199 1424 1243 przemfflm,
1461 1209 1569 1233 soror
1610 1196 1814 1244 patientiae,

1038 1245 1256 1280 coiistantiae
1285 1246 1374 1285 tilia=
1399 1246 1520 1280 amica
1554 1246 1666 1290 pacis,
1688 1245 1816 1281 amici-

1039 1292 1172 1327 tiarum
1189 1294 1321 1335 nodus,
1339 1291 1811 1336 unanimitatisvinculum,

1037 1341 1319 1384 sanctitatisque
1354 1341 1689 1384 propugnaculum.
1712 1338 1814 1375 Tolle

1040 1390 1446 1431 perseverantiam‚nec
1468 1387 1689 1429 obsequium
1707 1386 1815 1422 habe-

1039 1435 1091 1468 liit
1115 1434 1340 1473 uteret-dciii,
1369 1444 1436 1468 uec
1471 1434 1694 1468 beneficium
1726 1443 1815 1477 gra·

1038 1482 1142 1523 tiam,
1168 1491 1233 1515 nec
1257 1480 1434 1516 fortitudo
1459 1481 1621 1516 laudcm.
1647 1481 1814 1526 Denique

1039 1538 1110 1563 non
1131 1529 1194 1572 qui
1218 1528 1411 1571 inceperit,
1433 1529 1496 1563 sed
1521 1529 1586 1572 qui
1612 1537 1814 1572 persevera-

1036 1577 1142 1617 verit,
1166 1576 1223 1609 liic
1243 1576 1367 1609 salvus
1398 1577 1466 1609 erit
1487 1586 1493 1610 :
1526 1588 1542 1607 ι)
1565 1576 1641 1610 haec
1660 1577 1813 1610 Bernar-

1036 1623 1117 1656 dus.
1147 1623 1188 1656 Et
1211 1626 1297 1657 uota
1334 1623 1432 1667 quod
1453 1622 1586 1666 duplex
1606 1625 1660 1657 cst
1685 1631 1811 1666 perse-

1037 1669 1203 1703 verantia
1252 1680 1261 1704 ε
1298 1679 1374 1704 una
1409 1673 1464 1704 est
1500 1669 1732 1704 continuatio
1773 1668 1812 1704 in

1037 1716 1143 1751 bonis
1167 1716 1354 1761 operibus,
1380 1717 1457 1751 haec
1485 1727 1558 1751 non
1581 1720 1635 1751 est
1658 1716 1695 1751 in
1715 1725 1811 1760 prae-

1034 1767 1171 1807 cept03
1196 1762 1268 1797 alia
1300 1768 1354 1797 est
1381 1764 1657 1808 perseverantia
1679 1762 1811 1798 volun-

1035 1811 1120 1845 tatis
1161 1811 1195 1844 in
1234 1812 1423 1855 proposito
1464 1811 1555 1845 bene
1592 1810 1742 1856 agendi,
1776 1813 1813 1846 et

1033 1857 1113 1892 haec
1132 1856 1239 1891 estin
1264 1862 1461 1901 praecepto.

1081 1907 1101 1937 8
1122 1905 1332 1943 ΑιιωυΑΝοο
1374 1915 1466 1939 FUGA
1499 1914 1808 1940 pnfflnicuonmus

1033 1962 1278 1993 ricimiri-run,
1314 1962 1518 1991 ALioquno
1557 1962 1641 1987 riori.
1688 1972 1726 1977 —
1766 1952 1810 1986 Et

1033 2000 1121 2043 quia
1155 1999 1317 2044 Apostoli
1353 1999 1475 2034 adhuc
1513 2003 1621 2033 crant
1653 1997 1808 2044 infirmi,

1035 2046 1201 2080 nonduin
1225 2047 1358 2080 virtute
1381 2046 1515 2081 exalto
1543 2046 1676 2087 induti,
1697 2045 1807 2081 docet

1033 2102 1093 2127 cos
1113 2095 1304 2137 tamquam
1328 2098 1475 2127 teneros
1497 2092 1623 2138 fugere
1637 2097 1678 2128 ut
1695 2091 1809 2137 pluri·

1034 2139 1103 2174 bus
1141 2139 1277 2184 possint
1314 2140 1503 2184 prodesse.
1538 2140 1666 2174 dicens
1687 2151 1697 2174 :
1722 2139 1810 2175 Cum

1031 2191 1150 2221 autem
1183 2190 1444 2231 persequentur
1475 2197 1550 2227 vos,
1586 2188 1625 2221 in
1661 2187 1810 2222 civitate

1030 2235 1116 2274 ista,
1129 2235 1247 2277 fltyl'te
1264 2236 1303 2268 in
1317 2235 1443 2277 aliam,
1460 2238 1502 2270 ut
1521 2232 1678 2278 amplius
1693 2233 1810 2269 divul-

1030 2286 1141 2325 gctur
1163 2291 1298 2316 nomen
1320 2286 1481 2316 vestrum
1504 2286 1540 2315 et
1562 2284 1686 2315 vestra
1708 2289 1806 2325 prae-

1032 2327 1167 2363 dicatio
1187 2329 1373 2370 audiatur,
1388 2333 1423 2363 et
1442 2332 1485 2363 ut
1503 2332 1634 2363 vestrae
1651 2325 1809 2362 infirmi·

1032 2375 1097 2410 tati
1120 2376 1360 2419 provideatur
1372 2379 1408 2410 et
1428 2375 1596 2410 hostibus
1617 2377 1804 2419 parcatur.

1032 2422 1133 2457 Unde
1154 2424 1206 2456 ait
1242 2423 1512 2466 Chrysostomus
1532 2436 1540 2458 ε
1566 2438 1583 2452 «
1616 2422 1744 2457 Sciens
1765 2421 1804 2457 in

1030 2468 1301 2504 tentationibus
1338 2471 1595 2504 infirmitatem
1632 2469 1805 2504 humanae

1031 2520 1174 2552 naturae
1195 2531 1202 2552 2
1225 2517 1261 2552 Si
1285 2517 1366 2561 quis
1384 2527 1459 2558 VOS,
1479 2516 1614 2561 inquit,
1633 2524 1806 2561 persecu-

1030 2568 1088 2598 tus
1127 2563 1237 2598 fuerit
1263 2562 1304 2598 in
1343 2564 1489 2598 civitate
1513 2563 1595 2605 ista,
1629 2562 1745 2607 fugite
1765 2562 1805 2598 in

1029 2610 1200 2645 alteram.
1219 2611 1297 2645 Non
1313 2611 1411 2645 enim
1426 2615 1625 2645 contemno
1637 2607 1802 2654 timidos,

1029 2667 1097 2693 nec
1131 2659 1227 2703 eligo
1266 2659 1411 2692 tautum
1446 2657 1573 2701 sortes,
1609 2657 1697 2701 quia
1728 2665 1804 2691 non

1028 2707 1201 2740 virtutem
1230 2704 1421 2739 homiuum
1443 2705 1540 2739 Deus
1574 2702 1802 2748 considerat,

1026 2753 1089 2788 sed
1127 2752 1368 2787 voluntatem.
1392 2752 1498 2796 Nam,
1521 2751 1581 2786 ille
1609 2749 1673 2797 qui
1692 2748 1799 2796 fugit,

1025 2799 1092 2835 etsi
1115 2800 1252 2835 virtute
1274 2799 1424 2845 quidem
1446 2798 1631 2834 dissimilis
1647 2800 1716 2843 est,
1733 2805 1799 2832 vo-
