1894 3186
152 221 190 254 18

150 303 293 345 Venisti
339 302 407 337 huc
449 302 531 335 ante
571 302 711 344 tempus
754 298 919 334 debitum
954 303 959 368 Ι

148 358 314 397 torquere
347 358 412 383 nos
434 359 442 383 :
464 347 638 382 Sciebant
673 345 772 380 enim
798 346 834 380 in
862 346 921 381 die

145 398 274 448 J‘udicii
309 396 379 431 sibi
422 394 587 429 futuram
626 393 920 436 damnationem,

148 452 185 484 et
209 457 246 482 se
267 442 469 480 mittendos
500 441 537 476 in
569 441 754 486 abyssum,
778 444 815 475 et
851 444 925 474 tor-

149 493 330 542 qiienthS‚
371 489 435 524 sed
467 489 544 534 jam
581 486 750 531 torqueri
772 498 808 521 se
829 487 925 521 dice-

149 542 296 581 cebant;
320 537 421 583 quia,
439 535 640 571 seeundum
654 536 923 578 Hieronymum,

148 587 349 635 praesentia
378 581 578 619 Salvatoris
609 586 836 616 tormentum
872 585 927 615 est

152 637 378 673 daemonum.
405 631 507 665 Unde
529 630 799 672 Chrysestonms
819 641 828 662 ε
847 629 926 662 «Et-

153 684 252 719 enim
274 678 561 721 flagellabantur
578 675 816 710 invisibiliter
836 685 926 720 pun-

148 731 198 767 cti
219 735 255 765 et
279 728 393 765 intixi,
414 728 450 759 et
472 723 724 758 intolerabilia
744 722 926 767 patientes

147 789 190 814 ex
214 775 414 822 praesentia
435 772 550 807 sola.»
572 771 650 813 Vel,
672 768 755 804 ideo
774 774 926 813 torque-

146 827 296 863 bantur,
310 824 409 867 quia,
429 818 713 863 suspicabantur
731 816 829 861 quod
843 826 927 851 mox

153 874 252 909 exire
275 876 311 905 et
338 880 359 904 a
381 870 532 902 ltesione
567 874 711 899 cessare
753 873 929 907 cogeren-

151 923 240 955 tur:
273 928 373 953 nam,
412 912 616 948 secundum
651 912 923 954 Hieronymum,

148 976 326 1005 magnum
348 964 576 997 tormentum
611 961 666 992 est
693 958 925 992 daemonibus

148 1024 171 1050 a
188 1002 341 1048 lz‘esione
364 1006 558 1044 bominum
591 1015 750 1045 cessare,
775 1007 927 1049 propter

146 1060 273 1095 odium
293 1057 390 1102 qnod
413 1065 502 1099 erga
523 1064 588 1088 nos
607 1053 759 1096 liabent,
784 1055 819 1085 et
845 1058 925 1086 tan-

146 1111 184 1143 to
207 1106 355 1152 gravius
375 1104 579 1145 dimittunt,
616 1103 755 1145 quanto
791 1097 926 1133 diutius

144 1153 402 1199 possedi-runt.
419 1149 553 1184 Caveat
571 1157 658 1191 ergo
681 1146 787 1180 laesus
805 1156 826 1180 a
845 1146 925 1179 dia-

148 1201 246 1240 bolo,
274 1203 311 1232 ut
330 1199 401 1231 cito
437 1196 515 1238 ejus
534 1195 664 1239 jugum
691 1192 922 1236 disrumpat:

148 1247 237 1292 quia
260 1249 362 1280 tanto
390 1242 546 1283 sai-ilius,
567 1244 707 1286 quanto
730 1240 925 1284 citiuseJus

150 1292 359 1330 dominium
376 1291 550 1324 evitatur.

198 1354 216 1376 2
243 1340 318 1374 Cen
335 1348 461 1373 DAEMON
482 1346 707 1370 APPELLETUR
721 1334 831 1368 Lneio
847 1332 864 1366 Τ
881 1353 923 1357 ——

148 1389 193 1423 Et
210 1385 467 1429 interrogabat
489 1394 550 1417 eos
568 1384 673 1418 Jesus
695 1382 738 1416 de
758 1380 921 1422 nomine,

148 1445 222 1470 non
245 1434 332 1479 quia
355 1434 559 1477 ignoraret,
585 1429 647 1463 sed
668 1432 708 1463 ut
724 1427 923 1462 multitudo

150 1483 362 1517 daemonum
383 1489 425 1512 rx
447 1476 676 1512 consessione
712 1483 842 1509 eorum
864 1484 925 1517 ap-

149 1532 311 1573 pareret,
367 1529 402 1559 et
444 1523 562 1569 magis
608 1522 787 1557 credibile
829 1524 925 1554 esset

148 1575 246 1620 quod
281 1577 336 1608 tot
372 1572 560 1605 ‹lamiones
582 1570 617 1604 in
641 1569 783 1603 duobus
807 1567 925 1602 limma

147 1621 257 1657 nibus
277 1620 446 1661 fuissene
471 1621 520 1660 et,
540 1621 593 1661 ut,
615 1615 785 1651 consessa
807 1618 922 1658 peste,

147 1669 264 1703 virtus
285 1665 598 1709 curantisgratior
614 1663 804 1698 emicaret.
821 1662 923 1696 Unde

149 1716 348 1751 dixerunt:
372 1714 478 1755 Leglz'o
498 1711 589 1745 milti
608 1720 734 1744 nomen
754 1711 818 1749 est,
835 1710 923 1752 quia
960 1743 961 1752 ἵ

148 1763 256 1798 multi
276 1770 426 1801 sumus3
457 1756 570 1803 Legio
612 1760 735 1792 autem
774 1756 925 1799 proprie
959 1770 961 1777 <

147 1809 284 1845 dicitur
311 1815 488 1841 numerus
511 1805 780 1839 determinatus
799 1812 922 1837 arma-
958 1820 961 1846 5

147 1860 272 1891 torum
301 1854 338 1888 in
378 1852 554 1894 exercitu,
589 1853 625 1885 et
665 1851 829 1884 continet
863 1860 922 1884 sex

148 1902 267 1938 millia
285 1904 475 1935 sexcentos
488 1898 677 1943 sexaginta
693 1908 767 1941 sex,
788 1898 823 1931 et
839 1896 922 1931 inde

149 1949 285 1985 dicitur
321 1946 431 1992 Legio
470 1945 507 1980 in
550 1944 794 1987 (hemonibus,
837 1942 923 1987 quia

150 1995 312 2031 militant
331 1998 460 2028 contra
480 2003 559 2036 nos,
581 1998 617 2027 et
633 1992 734 2037 quia,
756 1990 823 2025 etsi
847 2001 921 2024 non

148 2045 302 2088 possunt
318 2040 530 2075 hominibus
543 2050 676 2074 nocere
694 2038 731 2072 in
748 2047 919 2083 persona,

149 2089 279 2125 saltem
317 2089 496 2132 appetunt
521 2086 572 2121 eis
609 2095 743 2121 nocere
776 2084 814 2118 in
833 2084 921 2118 sub-

153 2135 304 2172 stantia..
350 2135 435 2168 ldeo
469 2134 647 2176 roqabcmt
676 2142 767 2174 eum,
798 2131 827 2165 si
862 2141 924 2165 eos

152 2183 317 2229 ejiceret,
339 2191 382 2214 ne
399 2191 434 2214 se
453 2181 648 2225 esepelleret
669 2182 774 2214 extra
803 2178 921 2221 reqio-

151 2240 245 2271 nem,
271 2229 303 2262 id
324 2232 379 2262 est
411 2228 681 2262 habitationem
712 2224 921 2269 hominum,

150 2277 208 2312 vel
223 2277 261 2310 in
282 2275 454 2320 abyssum
476 2278 512 2309 ct
530 2275 567 2309 in
585 2274 773 2309 infernum
793 2286 800 2307 ε
818 2271 920 2306 locus

151 2322 249 2359 enim
305 2320 439 2356 inferni
476 2321 632 2356 debetur
677 2318 922 2361 daemonibus,

151 2369 417 2414 permittuntur
454 2372 579 2403 tamen
616 2367 714 2403 inter
756 2366 925 2402 homines

150 2416 321 2452 habitare
342 2425 457 2459 usque
485 2415 531 2450 ad
548 2415 742 2460 judicium,
766 2418 806 2449 ut
839 2413 922 2457 glo-

151 2462 283 2499 riosior
314 2463 359 2497 sit
376 2461 532 2496 victoria
561 2461 764 2497 electorum
795 2462 833 2496 in
862 2470 923 2495 su-

151 2510 344 2556 peratione
370 2509 582 2544 daemonum
602 2509 840 2554 tentantium;
859 2507 923 2542 sed

148 2558 369 2603 permitteret
382 2557 432 2590 eis
443 2557 481 2590 in
494 2566 633 2600 porcos,
645 2556 789 2599 ingyredi
804 2561 842 2591 ut
858 2554 926 2590 sal-

153 2607 229 2639 tem
244 2604 296 2638 sie
314 2604 350 2637 in
368 2603 491 2646 aliquo
509 2602 720 2648 affligerent
734 2603 919 2638 homines:

154 2650 241 2696 quia
264 2649 401 2694 ubique
436 2648 605 2684 homines
639 2650 676 2684 in
709 2651 925 2685 moestitiam

152 2696 301 2733 mittere
321 2696 483 2736 student,
504 2699 541 2730 et
570 2696 615 2732 de
635 2697 844 2741 perditione
867 2707 926 2731 eo-

155 2754 240 2779 rum
274 2743 450 2789 gaudent.
475 2744 567 2778 Ecce
590 2743 800 2779 daemonum
827 2742 927 2779 infir·

149 2791 270 2832 mitaS,
290 2790 377 2836 quia
403 2789 454 2825 nil
475 2793 627 2835 possunt
644 2790 713 2825 nisi
732 2790 902 2836 permissi
914 2801 925 2834 3

149 2838 179 2872 si
206 2848 294 2884 ergo
326 2837 446 2883 porcis
469 2846 602 2872 nocere
637 2847 714 2872 non
739 2840 926 2882 poterant,
961 2877 963 2883 ¹

609 216 754 249 PRIMAE
791 215 946 249 PARTIS
985 214 1123 249 CAPUT
1160 213 1304 247 XLVII.

999 298 1069 334 nisi
1087 298 1269 344 permissi,
1290 298 1406 334 multo
1424 298 1546 333 minus
1561 297 1775 335 hominibus

999 345 1104 381 sactis
1121 346 1167 381 ad
1187 346 1388 390 imaginem
1424 345 1487 381 Dei
1506 357 1516 389 3
1544 349 1691 388 oportet
1712 346 1778 392 igi-

999 396 1060 427 tur
1081 394 1196 428 Deum
1218 393 1337 428 solum
1364 392 1508 434 timere,
1549 393 1630 427 illos
1651 396 1778 429 autem

1001 444 1242 475 contemnere
1264 451 1275 484 3
1300 440 1337 474 in
1371 450 1444 485 quo
1480 440 1592 474 etiam
1622 443 1778 484 apparet

1001 498 1130 522 eorum
1154 488 1293 533 vilitas,
1315 487 1402 533 quia
1424 485 1569 532 ingredi
1596 488 1723 521 volunt
1740 486 1777 522 in

1002 545 1144 579 porcos.

1048 580 1081 617 3,
1095 581 1341 617 Cnn'nomxns
1356 580 1778 617 PERMISERIT'DAEMONIBUS

1000 640 1202 664 ixonsssmi
1225 640 1260 663 IN
1282 640 1412 663 Peneos
1433 628 1448 662 ’.Ρ
1485 648 1513 653 -
1534 630 1580 662 Et
1610 631 1778 673 permisit

1002 676 1196 721 Dominus,
1230 675 1469 711 concedendo
1508 675 1584 709 illis
1637 676 1782 720 petitio-

1002 733 1085 757 nem
1108 723 1284 766 ipsorum,
1307 722 1404 767 quod
1422 724 1521 765 patet
1542 732 1605 765 per
1624 732 1780 767 sequen-

1001 774 1074 804 tem
1095 770 1278 813 effectum
1292 780 1377 805 nain
1392 779 1589 812 porcorum
1609 779 1776 814 gregem,

1002 815 1181 862 quijuxta
1206 817 1464 861 pascebantur,
1487 815 1717 859 invaserunt,
1741 820 1777 851 et

1002 866 1074 899 duo
1104 863 1218 900 millia
1238 865 1275 899 in
1294 867 1425 909 stagno
1455 863 1685 898 Genezareth
1712 873 1776 898 seu

1001 912 1209 949 Tiberiadis
1233 911 1516 946 submerserunt
1540 921 1549 952 ·‚
1574 911 1679 944 etsie
1699 910 1774 945 (1ae-

1004 959 1163 995 moniaci
1184 958 1328 993 liberati
1349 962 1433 992 sunt
1460 960 1495 991 et
1529 958 1660 993 curati.
1686 959 1777 993 Per-

1002 1007 1101 1042 misit
1137 1009 1261 1040 autem
1285 1005 1355 1039 hoc
1375 1006 1552 1039 Dominus
1589 1015 1663 1039 non
1691 1015 1778 1049 pro-

1004 1057 1084 1097 pter
1104 1062 1232 1088 eorum
1255 1052 1546 1095 persuasionem,
1575 1052 1629 1085 vel
1656 1054 1696 1085 ut
1714 1051 1779 1087 im-

1004 1101 1101 1144 piam
1134 1109 1264 1134 eorum
1315 1099 1486 1141 impleret
1531 1098 1778 1142 voluntatem,

1003 1149 1066 1181 sed
1101 1150 1252 1192 propter
1280 1145 1523 1189 multiplicem
1561 1155 1710 1180 causam
1743 1148 1780 1180 et

1002 1194 1214 1229 utilitatem.
1233 1211 1274 1218 —
1290 1194 1453 1235 Quarum
1471 1194 1588 1235 prima
1610 1196 1676 1236 est,
1691 1192 1779 1236 quia

1003 1241 1097 1276 sorte
1129 1238 1300 1275 homines
1340 1239 1437 1273 illins
1474 1243 1582 1273 terrm
1616 1239 1777 1282 peccatis

1003 1288 1077 1322 suis
1116 1287 1207 1322 illud
1245 1286 1423 1321 damnum
1450 1286 1519 1320 sibi
1547 1286 1628 1320 lieri
1656 1286 1779 1321 deme-

1001 1338 1169 1369 ruerant.
1256 1334 1437 1375 Secunda,
1463 1337 1501 1367 ut
1520 1343 1561 1367 ex
1589 1336 1721 1367 eventu
1742 1336 1778 1368 et

998 1382 1155 1426 jacturae
1174 1381 1433 1426 magnitudine
1453 1384 1630 1423 appareat
1660 1380 1777 1415 homi-

1001 1429 1109 1463 nibus
1153 1438 1265 1473 quam
1307 1428 1380 1462 sint
1418 1427 1598 1466 crudeles,
1638 1430 1674 1461 et
1705 1437 1776 1462 no-

1001 1478 1125 1510 centes
1152 1473 1223 1510 sibi
1258 1473 1415 1508 subditis
1448 1477 1484 1508 et
1508 1474 1774 1518 obtemperan-

999 1523 1110 1562 tibus,
1148 1524 1183 1557 et
1219 1522 1316 1566 quod
1343 1520 1513 1555 homines
1543 1531 1634 1565 quos
1660 1521 1775 1566 magis

1000 1570 1131 1603 odiunt
1152 1569 1231 1612 plus
1249 1568 1473 1609 affligerent,
1504 1568 1533 1601 si
1572 1569 1665 1601 Deus
1687 1578 1774 1612 per-

1001 1616 1176 1659 mitteret,
1199 1618 1235 1650 et
1261 1615 1312 1650 eis
1328 1615 1468 1649 liceret.
1499 1614 1601 1649 Unde
1625 1614 1774 1658 Chryso-

997 1666 1157 1698 stamus:
1183 1675 1200 1694 ‹<
1228 1663 1271 1697 Et
1292 1661 1460 1706 permisit
1479 1661 1549 1695 illis
1575 1661 1699 1695 volens
1719 1660 1775 1696 fu-

1001 1710 1105 1752 riam,
1130 1719 1238 1754 quam
1275 1712 1405 1743 contra
1431 1709 1599 1743 homiues
1636 1708 1776 1743 habent

1000 1757 1201 1795 daemones.
1241 1755 1412 1790 omnibus
1436 1756 1707 1797 demonstrare,
1740 1759 1777 1790 et

1000 1804 1099 1848 quod
1124 1803 1239 1838 multo
1266 1803 1390 1847 pejora
1408 1802 1544 1836 vellent
1562 1801 1775 1837 hominibus

1001 1850 1184 1895 infligere,
1207 1849 1237 1884 si
1257 1852 1421 1894 possent,
1445 1848 1580 1883 virtute
1606 1859 1681 1883 non
1703 1849 1774 1884 im-

1000 1897 1114 1941 pediti
1137 1896 1263 1931 divina
1286 1907 1295 1940 3
1325 1899 1361 1930 et
1381 1895 1468 1940 quia
1499 1896 1536 1930 in
1561 1895 1776 1932 hominibus

999 1945 1094 1979 hane
1144 1943 1509 1978 demonstrationem
1561 1942 1643 1976 fieri
1697 1943 1776 1988 ejus

1000 1990 1116 2035 pietas
1146 2000 1222 2025 non
1251 1989 1409 2034 ferebat,
1440 1989 1535 2034 ipsos
1572 1989 1609 2023 in
1645 1999 1776 2033 porcos

998 2038 1138 2072 intrare
1178 2036 1358 2081 permisit,
1397 2039 1437 2072 ut
1474 2037 1545 2071 illis
1580 2036 1698 2071 virtus
1739 2040 1775 2071 et

997 2084 1101 2119 furor
1121 2084 1333 2119 daemonum
1351 2084 1533 2118 videatur.
1566 2087 1595 2116 »'
1616 2103 1658 2107 —
1683 2084 1775 2118 Ter-

996 2132 1062 2176 tia,
1101 2131 1306 2166 secundum
1344 2130 1516 2165 eumdem
1563 2130 1774 2173 chrysosto-

996 2189 1108 2222 mum,
1128 2181 1168 2213 ut
1194 2177 1388 2213 addiscant
1410 2187 1551 2217 omnes,
1595 2175 1773 2222 quoniam

1000 2236 1120 2271 neque
1158 2225 1336 2260 adversus
1370 2234 1503 2268 porcos
1544 2225 1683 2258 audent
1714 2223 1772 2258 vel

1000 2275 1168 2318 possunt,
1205 2270 1275 2306 nisi
1311 2271 1407 2306 Deus
1446 2270 1671 2306 concesserit
1714 2270 1771 2305 vel

1000 2318 1225 2365 permiserit.
1245 2337 1287 2343 -—
1313 2318 1464 2361 Quarta,
1502 2321 1652 2362 propter
1678 2316 1773 2355 salu-

999 2370 1075 2401 tem
1109 2365 1318 2406 hominum,
1354 2367 1394 2399 ut
1431 2364 1518 2399 inde
1558 2363 1774 2399 hominibus

999 2413 1128 2448 salutis
1147 2413 1293 2449 occasio
1315 2411 1561 2457 praeberetur,
1583 2414 1618 2445 et
1637 2413 1675 2447 ut
1705 2411 1772 2446 ho-

999 2460 1118 2495 mines
1154 2458 1318 2505 regionis
1360 2458 1458 2493 illius
1492 2458 1680 2493 discerent
1705 2458 1771 2493 Dei

998 2507 1188 2551 virtutem,
1209 2510 1246 2541 et
1270 2504 1309 2541 in
1330 2505 1411 2551 ejus
1442 2506 1615 2540 venirent
1648 2504 1773 2550 cogni-

998 2554 1138 2589 tionem
1159 2564 1168 2597 ;
1189 2553 1299 2599 hujus
1328 2553 1428 2587 enim
1464 2552 1672 2595 occasione,
1707 2552 1773 2595 qui

995 2600 1206 2647 pascebant,
1240 2601 1428 2644 fuqerzmt,
1467 2601 1501 2634 et
1543 2599 1615 2633 haec
1646 2596 1772 2632 omnia

1000 2647 1212 2683 hominibus
1243 2648 1282 2682 in
1313 2647 1497 2682 civitatem
1529 2648 1562 2680 et
1590 2646 1628 2680 in
1660 2644 1771 2679 villas

999 2696 1272 2734 nuntiaverunt.
1328 2712 1370 2718 -
1420 2692 1569 2735 Quinta,
1619 2692 1771 2735 propter

1000 2741 1219 2787 dignitatem
1270 2739 1433 2776 hominis
1483 2738 1767 2783 ostendendam,

998 2789 1141 2824 seilicet
1158 2790 1297 2834 quanto
1317 2785 1465 2833 dignior
1495 2786 1544 2820 sit
1573 2786 1685 2820 homo
1704 2784 1768 2819 be-

998 2834 1090 2880 stiis,
1120 2844 1204 2871 cum
1243 2836 1396 2880 propter
1419 2832 1576 2868 salutem
1610 2831 1769 2867 duorum
