<?xml version="1.0" encoding="UTF-8"?>
<!DOCTYPE html PUBLIC "-//W3C//DTD XHTML 1.0 Transitional//EN"
    "http://www.w3.org/TR/xhtml1/DTD/xhtml1-transitional.dtd">
<html xmlns="http://www.w3.org/1999/xhtml" xml:lang="en" lang="en">
 <head>
  <title>
</title>
<meta http-equiv="Content-Type" content="text/html;charset=utf-8" />
  <meta name='ocr-system' content='tesseract 3.04.00' />
  <meta name='ocr-capabilities' content='ocr_page ocr_carea ocr_par ocr_line ocrx_word'/>
</head>
<body>
  <div class='ocr_page' id='page_1' title='image "./vitajesuchristie02ludouoft_0172.png"; bbox 0 0 1894 3186; ppageno 0'>
   <div class='ocr_carea' id='block_1_1' title="bbox 154 171 1293 213">
    <p class='ocr_par' dir='ltr' id='par_1_1' title="bbox 154 171 1293 213">
     <span class='ocr_line' id='line_1_1' title="bbox 154 171 1293 213; baseline -0.003 0"><span class='ocrx_word' id='word_1_1' title='bbox 154 179 210 213; x_wconf 88' lang='grc'>164</span> <span class='ocrx_word' id='word_1_2' title='bbox 480 171 483 173; x_wconf 46' lang='grc'><strong>’</strong></span> <span class='ocrx_word' id='word_1_3' title='bbox 633 175 776 209; x_wconf 87' lang='lat' dir='ltr'>PRIMAE</span> <span class='ocrx_word' id='word_1_4' title='bbox 813 176 971 210; x_wconf 84' lang='lat' dir='ltr'><strong>PARTIS</strong></span> <span class='ocrx_word' id='word_1_5' title='bbox 1011 175 1147 208; x_wconf 77' lang='lat' dir='ltr'>CAPUT</span> <span class='ocrx_word' id='word_1_6' title='bbox 1186 176 1293 210; x_wconf 86' lang='lat' dir='ltr'>LXVI</span> 
     </span>
    </p>
   </div>
   <div class='ocr_carea' id='block_1_2' title="bbox 155 246 972 291">
    <p class='ocr_par' dir='ltr' id='par_1_2' title="bbox 155 246 972 291">
     <span class='ocr_line' id='line_1_2' title="bbox 155 246 972 291; baseline -0.005 -6"><span class='ocrx_word' id='word_1_7' title='bbox 155 248 327 285; x_wconf 83' lang='lat' dir='ltr'>Patribus</span> <span class='ocrx_word' id='word_1_8' title='bbox 361 246 399 282; x_wconf 89' lang='lat' dir='ltr'>in</span> <span class='ocrx_word' id='word_1_9' title='bbox 419 246 599 291; x_wconf 75' lang='lat' dir='ltr'>religione</span> <span class='ocrx_word' id='word_1_10' title='bbox 626 246 839 282; x_wconf 86' lang='lat' dir='ltr'>Christiana</span> <span class='ocrx_word' id='word_1_11' title='bbox 867 246 932 281; x_wconf 90' lang='lat' dir='ltr'>de-</span> <span class='ocrx_word' id='word_1_12' title='bbox 964 265 972 274; x_wconf 68' lang='grc' dir='ltr'><em>ι</em></span> 
     </span>
    </p>
   </div>
   <div class='ocr_carea' id='block_1_3' title="bbox 142 293 934 2075">
    <p class='ocr_par' dir='ltr' id='par_1_3' title="bbox 142 293 934 2075">
     <span class='ocr_line' id='line_1_3' title="bbox 159 293 934 342; baseline -0.006 -10"><span class='ocrx_word' id='word_1_13' title='bbox 159 298 396 342; x_wconf 75' lang='lat' dir='ltr'><strong>generantes,</strong></span> <span class='ocrx_word' id='word_1_14' title='bbox 420 298 558 329; x_wconf 90' lang='lat' dir='ltr'>sortem</span> <span class='ocrx_word' id='word_1_15' title='bbox 592 293 811 329; x_wconf 88' lang='lat' dir='ltr'>hereditatis</span> <span class='ocrx_word' id='word_1_16' title='bbox 837 293 934 328; x_wconf 83' lang='lat' dir='ltr'>inter</span> 
     </span>
     <span class='ocr_line' id='line_1_4' title="bbox 161 339 934 385; baseline -0.006 -6"><span class='ocrx_word' id='word_1_17' title='bbox 161 344 261 379; x_wconf 81' lang='lat' dir='ltr'>lilios</span> <span class='ocrx_word' id='word_1_18' title='bbox 279 342 342 378; x_wconf 92' lang='lat' dir='ltr'>Dei</span> <span class='ocrx_word' id='word_1_19' title='bbox 363 352 437 377; x_wconf 91' lang='lat' dir='ltr'>non</span> <span class='ocrx_word' id='word_1_20' title='bbox 465 344 679 385; x_wconf 79' lang='lat' dir='ltr'>merentur3</span> <span class='ocrx_word' id='word_1_21' title='bbox 713 351 781 376; x_wconf 85' lang='lat' dir='ltr'>nec</span> <span class='ocrx_word' id='word_1_22' title='bbox 799 339 934 375; x_wconf 86' lang='lat' dir='ltr'>merita</span> 
     </span>
     <span class='ocr_line' id='line_1_5' title="bbox 160 386 930 434; baseline -0.006 -8"><span class='ocrx_word' id='word_1_23' title='bbox 160 392 397 433; x_wconf 79' lang='lat' dir='ltr'>Sanctorum,</span> <span class='ocrx_word' id='word_1_24' title='bbox 418 388 478 433; x_wconf 82' lang='lat' dir='ltr'>qui</span> <span class='ocrx_word' id='word_1_25' title='bbox 503 399 569 434; x_wconf 90' lang='lat' dir='ltr'>pro</span> <span class='ocrx_word' id='word_1_26' title='bbox 590 389 665 423; x_wconf 89' lang='lat' dir='ltr'>Deo</span> <span class='ocrx_word' id='word_1_27' title='bbox 696 386 796 433; x_wconf 87' lang='lat' dir='ltr'>passi</span> <span class='ocrx_word' id='word_1_28' title='bbox 830 391 930 430; x_wconf 86' lang='lat' dir='ltr'>sunt,</span> 
     </span>
     <span class='ocr_line' id='line_1_6' title="bbox 161 433 932 481; baseline -0.009 -7"><span class='ocrx_word' id='word_1_29' title='bbox 161 438 214 474; x_wconf 83' lang='lat' dir='ltr'>cis</span> <span class='ocrx_word' id='word_1_30' title='bbox 247 436 513 481; x_wconf 81' lang='lat' dir='ltr'>suffragantur.</span> <span class='ocrx_word' id='word_1_31' title='bbox 557 435 693 471; x_wconf 87' lang='lat' dir='ltr'>Contra</span> <span class='ocrx_word' id='word_1_32' title='bbox 732 445 824 479; x_wconf 84' lang='lat' dir='ltr'>quos</span> <span class='ocrx_word' id='word_1_33' title='bbox 855 433 932 479; x_wconf 90' lang='lat' dir='ltr'>pul-</span> 
     </span>
     <span class='ocr_line' id='line_1_7' title="bbox 158 481 930 534; baseline -0.006 -14"><span class='ocrx_word' id='word_1_34' title='bbox 158 485 247 520; x_wconf 87' lang='lat' dir='ltr'>chre</span> <span class='ocrx_word' id='word_1_35' title='bbox 267 488 302 519; x_wconf 89' lang='lat' dir='ltr'>et</span> <span class='ocrx_word' id='word_1_36' title='bbox 329 493 491 528; x_wconf 80' lang='lat' dir='ltr'>congrue</span> <span class='ocrx_word' id='word_1_37' title='bbox 523 481 562 517; x_wconf 92' lang='lat' dir='ltr'>in</span> <span class='ocrx_word' id='word_1_38' title='bbox 593 482 753 527; x_wconf 80' lang='lat' dir='ltr'>quodam</span> <span class='ocrx_word' id='word_1_39' title='bbox 775 481 930 534; x_wconf 77' lang='lat' dir='ltr'>prologo</span> 
     </span>
     <span class='ocr_line' id='line_1_8' title="bbox 157 528 929 578; baseline -0.006 -11"><span class='ocrx_word' id='word_1_40' title='bbox 157 530 346 578; x_wconf 77' lang='lat' dir='ltr'>passionis</span> <span class='ocrx_word' id='word_1_41' title='bbox 377 531 496 566; x_wconf 81' lang='lat' dir='ltr'>beatae</span> <span class='ocrx_word' id='word_1_42' title='bbox 519 529 738 571; x_wconf 78' lang='lat' dir='ltr'>Anastasiae,</span> <span class='ocrx_word' id='word_1_43' title='bbox 760 539 812 563; x_wconf 84' lang='lat' dir='ltr'>sic</span> <span class='ocrx_word' id='word_1_44' title='bbox 839 528 929 563; x_wconf 79' lang='lat' dir='ltr'>dici-</span> 
     </span>
     <span class='ocr_line' id='line_1_9' title="bbox 156 576 931 621; baseline -0.008 -7"><span class='ocrx_word' id='word_1_45' title='bbox 156 585 217 615; x_wconf 87' lang='lat' dir='ltr'>tur</span> <span class='ocrx_word' id='word_1_46' title='bbox 243 589 250 613; x_wconf 92' lang='lat'>:</span> <span class='ocrx_word' id='word_1_47' title='bbox 275 592 290 611; x_wconf 71' lang='grc' dir='ltr'>(ι</span> <span class='ocrx_word' id='word_1_48' title='bbox 323 576 455 613; x_wconf 87' lang='lat' dir='ltr'>Omnia</span> <span class='ocrx_word' id='word_1_49' title='bbox 485 587 567 621; x_wconf 80' lang='lat' dir='ltr'>quae</span> <span class='ocrx_word' id='word_1_50' title='bbox 594 587 615 611; x_wconf 91' lang='lat' dir='ltr'>a</span> <span class='ocrx_word' id='word_1_51' title='bbox 649 577 792 611; x_wconf 87' lang='lat' dir='ltr'>Sanctis</span> <span class='ocrx_word' id='word_1_52' title='bbox 825 578 931 619; x_wconf 84' lang='lat' dir='ltr'>gesta</span> 
     </span>
     <span class='ocr_line' id='line_1_10' title="bbox 155 621 931 673; baseline -0.008 -12"><span class='ocrx_word' id='word_1_53' title='bbox 155 628 255 666; x_wconf 84' lang='lat' dir='ltr'>sunt,</span> <span class='ocrx_word' id='word_1_54' title='bbox 280 625 337 660; x_wconf 88' lang='lat' dir='ltr'>vel</span> <span class='ocrx_word' id='word_1_55' title='bbox 365 627 556 670; x_wconf 83' lang='lat' dir='ltr'>geruntur.</span> <span class='ocrx_word' id='word_1_56' title='bbox 587 623 615 657; x_wconf 91' lang='lat' dir='ltr'>si</span> <span class='ocrx_word' id='word_1_57' title='bbox 651 622 733 668; x_wconf 82' lang='lat' dir='ltr'>quis</span> <span class='ocrx_word' id='word_1_58' title='bbox 773 621 931 673; x_wconf 77' lang='lat' dir='ltr'>voluerit</span> 
     </span>
     <span class='ocr_line' id='line_1_11' title="bbox 155 668 927 717; baseline -0.009 -8"><span class='ocrx_word' id='word_1_59' title='bbox 155 673 323 709; x_wconf 85' lang='lat' dir='ltr'>studiose</span> <span class='ocrx_word' id='word_1_60' title='bbox 350 670 581 717; x_wconf 73' lang='lat' dir='ltr'>perquirere,</span> <span class='ocrx_word' id='word_1_61' title='bbox 607 673 642 704; x_wconf 89' lang='lat' dir='ltr'>et</span> <span class='ocrx_word' id='word_1_62' title='bbox 667 668 735 704; x_wconf 88' lang='lat' dir='ltr'>sibi</span> <span class='ocrx_word' id='word_1_63' title='bbox 758 672 791 703; x_wconf 89' lang='lat' dir='ltr'>et</span> <span class='ocrx_word' id='word_1_64' title='bbox 811 668 927 713; x_wconf 80' lang='lat' dir='ltr'>pluri-</span> 
     </span>
     <span class='ocr_line' id='line_1_12' title="bbox 153 716 925 764; baseline -0.006 -9"><span class='ocrx_word' id='word_1_65' title='bbox 153 720 237 764; x_wconf 79' lang='lat' dir='ltr'>mis,</span> <span class='ocrx_word' id='word_1_66' title='bbox 267 717 524 754; x_wconf 67' lang='lat' dir='ltr'>fflditicationis</span> <span class='ocrx_word' id='word_1_67' title='bbox 561 716 708 751; x_wconf 74' lang='lat' dir='ltr'>exhibet</span> <span class='ocrx_word' id='word_1_68' title='bbox 737 716 925 759; x_wconf 70' lang='lat' dir='ltr'>fructum,</span> 
     </span>
     <span class='ocr_line' id='line_1_13' title="bbox 155 762 927 812; baseline -0.009 -9"><span class='ocrx_word' id='word_1_69' title='bbox 155 771 189 803; x_wconf 89' lang='lat' dir='ltr'>et</span> <span class='ocrx_word' id='word_1_70' title='bbox 216 768 320 812; x_wconf 83' lang='lat' dir='ltr'>quasi</span> <span class='ocrx_word' id='word_1_71' title='bbox 356 766 468 801; x_wconf 87' lang='lat' dir='ltr'>arbor</span> <span class='ocrx_word' id='word_1_72' title='bbox 502 763 696 799; x_wconf 82' lang='lat' dir='ltr'>fructifera</span> <span class='ocrx_word' id='word_1_73' title='bbox 733 773 808 797; x_wconf 76' lang='lat' dir='ltr'>non</span> <span class='ocrx_word' id='word_1_74' title='bbox 847 762 927 797; x_wconf 91' lang='lat' dir='ltr'>sine</span> 
     </span>
     <span class='ocr_line' id='line_1_14' title="bbox 152 809 927 859; baseline -0.008 -10"><span class='ocrx_word' id='word_1_75' title='bbox 152 825 264 849; x_wconf 85' lang='lat' dir='ltr'>causa</span> <span class='ocrx_word' id='word_1_76' title='bbox 280 814 459 859; x_wconf 86' lang='lat' dir='ltr'>probatur</span> <span class='ocrx_word' id='word_1_77' title='bbox 477 814 614 845; x_wconf 88' lang='lat' dir='ltr'>terram</span> <span class='ocrx_word' id='word_1_78' title='bbox 633 820 818 855; x_wconf 86' lang='lat' dir='ltr'>occupare</span> <span class='ocrx_word' id='word_1_79' title='bbox 839 809 927 844; x_wconf 91' lang='lat' dir='ltr'>dum</span> 
     </span>
     <span class='ocr_line' id='line_1_15' title="bbox 149 856 925 903; baseline -0.005 -9"><span class='ocrx_word' id='word_1_80' title='bbox 149 861 250 903; x_wconf 66' lang='lat' dir='ltr'>vivit,</span> <span class='ocrx_word' id='word_1_81' title='bbox 271 870 354 895; x_wconf 73' lang='lat' dir='ltr'>rum</span> <span class='ocrx_word' id='word_1_82' title='bbox 391 861 466 903; x_wconf 87' lang='lat' dir='ltr'>ipse</span> <span class='ocrx_word' id='word_1_83' title='bbox 488 857 563 892; x_wconf 88' lang='lat' dir='ltr'>suis</span> <span class='ocrx_word' id='word_1_84' title='bbox 596 856 717 902; x_wconf 91' lang='lat' dir='ltr'>pomis</span> <span class='ocrx_word' id='word_1_85' title='bbox 752 859 925 900; x_wconf 82' lang='lat' dir='ltr'>ornatur3</span> 
     </span>
     <span class='ocr_line' id='line_1_16' title="bbox 148 902 926 950; baseline -0.008 -7"><span class='ocrx_word' id='word_1_86' title='bbox 148 912 184 943; x_wconf 87' lang='lat' dir='ltr'>et</span> <span class='ocrx_word' id='word_1_87' title='bbox 212 908 344 949; x_wconf 80' lang='lat' dir='ltr'>omnis,</span> <span class='ocrx_word' id='word_1_88' title='bbox 369 905 429 950; x_wconf 80' lang='lat' dir='ltr'>qui</span> <span class='ocrx_word' id='word_1_89' title='bbox 462 915 503 939; x_wconf 86' lang='lat' dir='ltr'>ex</span> <span class='ocrx_word' id='word_1_90' title='bbox 526 915 568 939; x_wconf 89' lang='lat' dir='ltr'>co</span> <span class='ocrx_word' id='word_1_91' title='bbox 593 906 732 939; x_wconf 77' lang='lat' dir='ltr'>tructus</span> <span class='ocrx_word' id='word_1_92' title='bbox 755 902 926 949; x_wconf 78' lang='lat' dir='ltr'>percipit,</span> 
     </span>
     <span class='ocr_line' id='line_1_17' title="bbox 149 949 924 999; baseline -0.006 -10"><span class='ocrx_word' id='word_1_93' title='bbox 149 954 354 999; x_wconf 71' lang='lat' dir='ltr'>saginatur.</span> <span class='ocrx_word' id='word_1_94' title='bbox 376 951 577 987; x_wconf 61' lang='lat' dir='ltr'>Scribimus</span> <span class='ocrx_word' id='word_1_95' title='bbox 593 954 734 993; x_wconf 63' lang='lat' dir='ltr'>autem,</span> <span class='ocrx_word' id='word_1_96' title='bbox 752 949 843 985; x_wconf 89' lang='lat' dir='ltr'>utin</span> <span class='ocrx_word' id='word_1_97' title='bbox 860 961 924 994; x_wconf 87' lang='lat' dir='ltr'>ge-</span> 
     </span>
     <span class='ocr_line' id='line_1_18' title="bbox 148 997 926 1045; baseline -0.006 -9"><span class='ocrx_word' id='word_1_98' title='bbox 148 1001 214 1036; x_wconf 86' lang='lat' dir='ltr'>stis</span> <span class='ocrx_word' id='word_1_99' title='bbox 238 999 463 1039; x_wconf 77' lang='lat' dir='ltr'>invenimus,</span> <span class='ocrx_word' id='word_1_100' title='bbox 484 997 570 1042; x_wconf 79' lang='lat' dir='ltr'>quid</span> <span class='ocrx_word' id='word_1_101' title='bbox 589 997 747 1045; x_wconf 76' lang='lat' dir='ltr'>egerint,</span> <span class='ocrx_word' id='word_1_102' title='bbox 767 997 853 1040; x_wconf 74' lang='lat' dir='ltr'>quid</span> <span class='ocrx_word' id='word_1_103' title='bbox 876 997 926 1032; x_wconf 91' lang='lat' dir='ltr'>lo-</span> 
     </span>
     <span class='ocr_line' id='line_1_19' title="bbox 149 1042 926 1092; baseline -0.009 -9"><span class='ocrx_word' id='word_1_104' title='bbox 149 1048 238 1090; x_wconf 85' lang='lat' dir='ltr'>cuti,</span> <span class='ocrx_word' id='word_1_105' title='bbox 257 1047 340 1092; x_wconf 63' lang='lat' dir='ltr'>quial</span> <span class='ocrx_word' id='word_1_106' title='bbox 357 1044 453 1091; x_wconf 77' lang='lat' dir='ltr'>passi</span> <span class='ocrx_word' id='word_1_107' title='bbox 470 1044 543 1079; x_wconf 88' lang='lat' dir='ltr'>sint</span> <span class='ocrx_word' id='word_1_108' title='bbox 562 1043 698 1079; x_wconf 82' lang='lat' dir='ltr'>Sancti.</span> <span class='ocrx_word' id='word_1_109' title='bbox 721 1042 926 1078; x_wconf 73' lang='lat' dir='ltr'>ostenditis</span> 
     </span>
     <span class='ocr_line' id='line_1_20' title="bbox 147 1089 927 1136; baseline -0.006 -7"><span class='ocrx_word' id='word_1_110' title='bbox 147 1106 214 1130; x_wconf 81' lang='lat' dir='ltr'>vos</span> <span class='ocrx_word' id='word_1_111' title='bbox 232 1105 313 1129; x_wconf 81' lang='lat' dir='ltr'>csse</span> <span class='ocrx_word' id='word_1_112' title='bbox 338 1092 554 1134; x_wconf 66' lang='lat' dir='ltr'>catholicos,</span> <span class='ocrx_word' id='word_1_113' title='bbox 578 1091 637 1136; x_wconf 76' lang='lat' dir='ltr'>qui</span> <span class='ocrx_word' id='word_1_114' title='bbox 661 1089 795 1126; x_wconf 75' lang='lat' dir='ltr'>Christi</span> <span class='ocrx_word' id='word_1_115' title='bbox 814 1089 927 1124; x_wconf 82' lang='lat' dir='ltr'>victo-</span> 
     </span>
     <span class='ocr_line' id='line_1_21' title="bbox 147 1136 922 1183; baseline -0.008 -6"><span class='ocrx_word' id='word_1_116' title='bbox 147 1141 223 1177; x_wconf 83' lang='lat' dir='ltr'>rias</span> <span class='ocrx_word' id='word_1_117' title='bbox 244 1141 405 1176; x_wconf 82' lang='lat' dir='ltr'>libenter</span> <span class='ocrx_word' id='word_1_118' title='bbox 434 1137 569 1183; x_wconf 76' lang='lat' dir='ltr'>legitis,</span> <span class='ocrx_word' id='word_1_119' title='bbox 592 1137 753 1173; x_wconf 83' lang='lat' dir='ltr'>libenter</span> <span class='ocrx_word' id='word_1_120' title='bbox 772 1136 922 1172; x_wconf 86' lang='lat' dir='ltr'>auditis.</span> 
     </span>
     <span class='ocr_line' id='line_1_22' title="bbox 147 1183 921 1232; baseline -0.008 -8"><span class='ocrx_word' id='word_1_121' title='bbox 147 1191 341 1232; x_wconf 82' lang='lat' dir='ltr'>Interrogo</span> <span class='ocrx_word' id='word_1_122' title='bbox 357 1197 435 1229; x_wconf 85' lang='lat' dir='ltr'>vos,</span> <span class='ocrx_word' id='word_1_123' title='bbox 452 1185 565 1231; x_wconf 87' lang='lat' dir='ltr'>igitur</span> <span class='ocrx_word' id='word_1_124' title='bbox 582 1184 642 1230; x_wconf 81' lang='lat' dir='ltr'>qui</span> <span class='ocrx_word' id='word_1_125' title='bbox 660 1184 731 1219; x_wconf 88' lang='lat' dir='ltr'>ista</span> <span class='ocrx_word' id='word_1_126' title='bbox 747 1186 851 1228; x_wconf 82' lang='lat' dir='ltr'>gesta</span> <span class='ocrx_word' id='word_1_127' title='bbox 865 1183 921 1218; x_wconf 94' lang='lat' dir='ltr'>in-</span> 
     </span>
     <span class='ocr_line' id='line_1_23' title="bbox 145 1231 924 1280; baseline -0.008 -9"><span class='ocrx_word' id='word_1_128' title='bbox 145 1239 204 1271; x_wconf 89' lang='lat' dir='ltr'>ter</span> <span class='ocrx_word' id='word_1_129' title='bbox 229 1234 460 1280; x_wconf 75' lang='lat' dir='ltr'>apocryphas</span> <span class='ocrx_word' id='word_1_130' title='bbox 493 1233 636 1267; x_wconf 89' lang='lat' dir='ltr'>litteras</span> <span class='ocrx_word' id='word_1_131' title='bbox 672 1231 924 1266; x_wconf 75' lang='lat' dir='ltr'>exsut&#39;tlandas</span> 
     </span>
     <span class='ocr_line' id='line_1_24' title="bbox 147 1278 925 1326; baseline -0.005 -10"><span class='ocrx_word' id='word_1_132' title='bbox 147 1281 305 1317; x_wconf 81' lang='lat' dir='ltr'>censetis</span> <span class='ocrx_word' id='word_1_133' title='bbox 320 1293 327 1319; x_wconf 75' lang='lat'>2</span> <span class='ocrx_word' id='word_1_134' title='bbox 345 1291 411 1326; x_wconf 87' lang='lat' dir='ltr'>per</span> <span class='ocrx_word' id='word_1_135' title='bbox 427 1290 519 1325; x_wconf 79' lang='lat' dir='ltr'>quos</span> <span class='ocrx_word' id='word_1_136' title='bbox 533 1282 605 1313; x_wconf 61' lang='lat' dir='ltr'>stat.</span> <span class='ocrx_word' id='word_1_137' title='bbox 623 1288 741 1313; x_wconf 89' lang='lat' dir='ltr'>canon</span> <span class='ocrx_word' id='word_1_138' title='bbox 763 1278 925 1323; x_wconf 86' lang='lat' dir='ltr'>Scriptu—</span> 
     </span>
     <span class='ocr_line' id='line_1_25' title="bbox 146 1324 922 1378; baseline -0.006 -14"><span class='ocrx_word' id='word_1_139' title='bbox 146 1340 272 1365; x_wconf 83' lang='lat' dir='ltr'>rarnm</span> <span class='ocrx_word' id='word_1_140' title='bbox 295 1327 458 1363; x_wconf 85' lang='lat' dir='ltr'>omnium</span> <span class='ocrx_word' id='word_1_141' title='bbox 480 1326 714 1378; x_wconf 77' lang='lat' dir='ltr'>divinarum?</span> <span class='ocrx_word' id='word_1_142' title='bbox 736 1324 922 1370; x_wconf 79' lang='lat' dir='ltr'>Numquid</span> 
     </span>
     <span class='ocr_line' id='line_1_26' title="bbox 145 1382 922 1421; baseline -0.006 -10"><span class='ocrx_word' id='word_1_143' title='bbox 145 1388 221 1411; x_wconf 88' lang='lat' dir='ltr'>non</span> <span class='ocrx_word' id='word_1_144' title='bbox 243 1386 309 1421; x_wconf 83' lang='lat' dir='ltr'>por</span> <span class='ocrx_word' id='word_1_145' title='bbox 331 1386 407 1417; x_wconf 84' lang='lat' dir='ltr'>eos,</span> <span class='ocrx_word' id='word_1_146' title='bbox 432 1384 564 1419; x_wconf 77' lang='lat' dir='ltr'>quipro</span> <span class='ocrx_word' id='word_1_147' title='bbox 587 1384 666 1418; x_wconf 81' lang='lat' dir='ltr'>ipso</span> <span class='ocrx_word' id='word_1_148' title='bbox 696 1382 836 1407; x_wconf 89' lang='lat' dir='ltr'>canone</span> <span class='ocrx_word' id='word_1_149' title='bbox 861 1382 922 1407; x_wconf 93' lang='lat' dir='ltr'>oc-</span> 
     </span>
     <span class='ocr_line' id='line_1_27' title="bbox 145 1418 924 1467; baseline -0.005 -9"><span class='ocrx_word' id='word_1_150' title='bbox 145 1423 217 1459; x_wconf 84' lang='lat' dir='ltr'>cidi</span> <span class='ocrx_word' id='word_1_151' title='bbox 256 1422 372 1467; x_wconf 76' lang='lat' dir='ltr'>magis</span> <span class='ocrx_word' id='word_1_152' title='bbox 404 1424 638 1466; x_wconf 77' lang='lat' dir='ltr'>optaverunt,</span> <span class='ocrx_word' id='word_1_153' title='bbox 667 1429 777 1464; x_wconf 77' lang='lat' dir='ltr'>quam</span> <span class='ocrx_word' id='word_1_154' title='bbox 804 1418 924 1454; x_wconf 78' lang='lat' dir='ltr'>vinci?</span> 
     </span>
     <span class='ocr_line' id='line_1_28' title="bbox 145 1465 920 1513; baseline -0.006 -8"><span class='ocrx_word' id='word_1_155' title='bbox 145 1470 241 1513; x_wconf 80' lang='lat' dir='ltr'>Quid</span> <span class='ocrx_word' id='word_1_156' title='bbox 253 1469 350 1504; x_wconf 77' lang='lat' dir='ltr'>enin]</span> <span class='ocrx_word' id='word_1_157' title='bbox 364 1471 561 1503; x_wconf 85' lang='lat' dir='ltr'>tenuerunt</span> <span class='ocrx_word' id='word_1_158' title='bbox 575 1466 780 1511; x_wconf 68' lang='lat' dir='ltr'>martyres?</span> <span class='ocrx_word' id='word_1_159' title='bbox 795 1465 920 1500; x_wconf 83' lang='lat' dir='ltr'>Fidem</span> 
     </span>
     <span class='ocr_line' id='line_1_29' title="bbox 145 1512 921 1564; baseline -0.006 -12"><span class='ocrx_word' id='word_1_160' title='bbox 145 1520 299 1557; x_wconf 80' lang='lat' dir='ltr'>certam,</span> <span class='ocrx_word' id='word_1_161' title='bbox 334 1526 416 1560; x_wconf 57' lang='lat' dir='ltr'>quas</span> <span class='ocrx_word' id='word_1_162' title='bbox 451 1514 566 1549; x_wconf 79' lang='lat' dir='ltr'>sacris</span> <span class='ocrx_word' id='word_1_163' title='bbox 593 1512 854 1564; x_wconf 65' lang='lat' dir='ltr'>volui&#39;ninibus,</span> <span class='ocrx_word' id='word_1_164' title='bbox 884 1513 921 1547; x_wconf 89' lang='lat' dir='ltr'>in</span> 
     </span>
     <span class='ocr_line' id='line_1_30' title="bbox 146 1563 917 1599; baseline -0.005 -1"><span class='ocrx_word' id='word_1_165' title='bbox 146 1568 247 1599; x_wconf 83' lang='lat' dir='ltr'>certo</span> <span class='ocrx_word' id='word_1_166' title='bbox 278 1563 458 1597; x_wconf 83' lang='lat' dir='ltr'>librorum</span> <span class='ocrx_word' id='word_1_167' title='bbox 497 1571 652 1595; x_wconf 77' lang='lat' dir='ltr'>numero</span> <span class='ocrx_word' id='word_1_168' title='bbox 693 1563 917 1594; x_wconf 80' lang='lat' dir='ltr'>continetur.</span> 
     </span>
     <span class='ocr_line' id='line_1_31' title="bbox 145 1606 920 1658; baseline -0.008 -12"><span class='ocrx_word' id='word_1_169' title='bbox 145 1612 265 1655; x_wconf 81' lang='lat' dir='ltr'>Agunt</span> <span class='ocrx_word' id='word_1_170' title='bbox 294 1608 366 1643; x_wconf 73' lang='lat' dir='ltr'>illis</span> <span class='ocrx_word' id='word_1_171' title='bbox 389 1608 529 1653; x_wconf 80' lang='lat' dir='ltr'>gratias</span> <span class='ocrx_word' id='word_1_172' title='bbox 560 1607 684 1652; x_wconf 84' lang='lat' dir='ltr'>apices</span> <span class='ocrx_word' id='word_1_173' title='bbox 712 1606 920 1658; x_wconf 79' lang='lat' dir='ltr'>sacratissi-</span> 
     </span>
     <span class='ocr_line' id='line_1_32' title="bbox 144 1656 920 1701; baseline -0.006 -9"><span class='ocrx_word' id='word_1_174' title='bbox 144 1658 211 1701; x_wconf 84' lang='lat' dir='ltr'>mi,</span> <span class='ocrx_word' id='word_1_175' title='bbox 235 1656 321 1701; x_wconf 81' lang='lat' dir='ltr'>quia</span> <span class='ocrx_word' id='word_1_176' title='bbox 351 1666 417 1701; x_wconf 87' lang='lat' dir='ltr'>per</span> <span class='ocrx_word' id='word_1_177' title='bbox 438 1665 565 1690; x_wconf 87' lang='lat' dir='ltr'>eorum</span> <span class='ocrx_word' id='word_1_178' title='bbox 604 1658 920 1699; x_wconf 74' lang='lat' dir='ltr'>perseverantiam</span> 
     </span>
     <span class='ocr_line' id='line_1_33' title="bbox 146 1701 919 1751; baseline -0.006 -13"><span class='ocrx_word' id='word_1_179' title='bbox 146 1706 412 1750; x_wconf 45' lang='lat' dir='ltr'>perseverari&amp;</span> <span class='ocrx_word' id='word_1_180' title='bbox 434 1706 469 1737; x_wconf 89' lang='lat' dir='ltr'>et</span> <span class='ocrx_word' id='word_1_181' title='bbox 502 1701 583 1736; x_wconf 81' lang='lat' dir='ltr'>idco</span> <span class='ocrx_word' id='word_1_182' title='bbox 616 1701 748 1734; x_wconf 81' lang='lat' dir='ltr'>volunt</span> <span class='ocrx_word' id='word_1_183' title='bbox 789 1710 919 1751; x_wconf 78' lang='lat' dir='ltr'>corum</span> 
     </span>
     <span class='ocr_line' id='line_1_34' title="bbox 146 1747 916 1795; baseline -0.008 -9"><span class='ocrx_word' id='word_1_184' title='bbox 146 1754 252 1795; x_wconf 78' lang='lat' dir='ltr'>gesta</span> <span class='ocrx_word' id='word_1_185' title='bbox 274 1748 472 1791; x_wconf 77' lang='lat' dir='ltr'>conscribi,</span> <span class='ocrx_word' id='word_1_186' title='bbox 496 1751 536 1782; x_wconf 89' lang='lat' dir='ltr'>ut</span> <span class='ocrx_word' id='word_1_187' title='bbox 562 1747 599 1782; x_wconf 91' lang='lat' dir='ltr'>in</span> <span class='ocrx_word' id='word_1_188' title='bbox 634 1750 830 1791; x_wconf 84' lang='lat' dir='ltr'>conspectu</span> <span class='ocrx_word' id='word_1_189' title='bbox 853 1748 916 1781; x_wconf 83' lang='lat' dir='ltr'>Dei</span> 
     </span>
     <span class='ocr_line' id='line_1_35' title="bbox 146 1793 918 1839; baseline -0.008 -6"><span class='ocrx_word' id='word_1_190' title='bbox 146 1793 182 1833; x_wconf 68' lang='lat' dir='ltr'>et</span> <span class='ocrx_word' id='word_1_191' title='bbox 202 1797 395 1832; x_wconf 78' lang='lat' dir='ltr'>hominum</span> <span class='ocrx_word' id='word_1_192' title='bbox 411 1805 559 1839; x_wconf 86' lang='lat' dir='ltr'>semper</span> <span class='ocrx_word' id='word_1_193' title='bbox 581 1793 702 1829; x_wconf 81' lang='lat' dir='ltr'>Sancti</span> <span class='ocrx_word' id='word_1_194' title='bbox 717 1793 918 1828; x_wconf 85' lang='lat' dir='ltr'>laudentur</span> 
     </span>
     <span class='ocr_line' id='line_1_36' title="bbox 146 1841 917 1890; baseline -0.008 -10"><span class='ocrx_word' id='word_1_195' title='bbox 146 1844 207 1890; x_wconf 89' lang='lat' dir='ltr'>qui</span> <span class='ocrx_word' id='word_1_196' title='bbox 239 1846 273 1878; x_wconf 88' lang='lat' dir='ltr'>in</span> <span class='ocrx_word' id='word_1_197' title='bbox 302 1845 499 1887; x_wconf 80' lang='lat' dir='ltr'>conspectu</span> <span class='ocrx_word' id='word_1_198' title='bbox 535 1841 827 1883; x_wconf 86' lang='lat' dir='ltr'>incredulorum,</span> <span class='ocrx_word' id='word_1_199' title='bbox 850 1850 917 1885; x_wconf 91' lang='lat' dir='ltr'>pro</span> 
     </span>
     <span class='ocr_line' id='line_1_37' title="bbox 144 1887 917 1930; baseline -0.006 -4"><span class='ocrx_word' id='word_1_200' title='bbox 144 1901 273 1927; x_wconf 86' lang='lat' dir='ltr'>eorum</span> <span class='ocrx_word' id='word_1_201' title='bbox 309 1890 540 1930; x_wconf 65' lang='lat' dir='ltr'>defensione,</span> <span class='ocrx_word' id='word_1_202' title='bbox 563 1891 747 1923; x_wconf 87' lang='lat' dir='ltr'>tormenta</span> <span class='ocrx_word' id='word_1_203' title='bbox 780 1887 917 1922; x_wconf 86' lang='lat' dir='ltr'>imma-</span> 
     </span>
     <span class='ocr_line' id='line_1_38' title="bbox 143 1934 917 1982; baseline -0.008 -9"><span class='ocrx_word' id='word_1_204' title='bbox 143 1938 207 1974; x_wconf 88' lang='lat' dir='ltr'>nia</span> <span class='ocrx_word' id='word_1_205' title='bbox 244 1937 488 1982; x_wconf 76' lang='lat' dir='ltr'>pertulerunt.</span> <span class='ocrx_word' id='word_1_206' title='bbox 529 1934 625 1969; x_wconf 87' lang='lat' dir='ltr'>Nihil</span> <span class='ocrx_word' id='word_1_207' title='bbox 655 1945 742 1980; x_wconf 86' lang='lat' dir='ltr'>ergo</span> <span class='ocrx_word' id='word_1_208' title='bbox 779 1939 917 1979; x_wconf 73' lang='lat' dir='ltr'>p1¹aeter</span> 
     </span>
     <span class='ocr_line' id='line_1_39' title="bbox 144 1981 914 2030; baseline -0.005 -10"><span class='ocrx_word' id='word_1_209' title='bbox 144 1985 354 2030; x_wconf 69' lang='lat' dir='ltr'>Scripturas</span> <span class='ocrx_word' id='word_1_210' title='bbox 371 1981 569 2018; x_wconf 85' lang='lat' dir='ltr'>canonicas</span> <span class='ocrx_word' id='word_1_211' title='bbox 586 1981 823 2027; x_wconf 78' lang='lat' dir='ltr'>recipientes,</span> <span class='ocrx_word' id='word_1_212' title='bbox 850 1991 914 2016; x_wconf 91' lang='lat' dir='ltr'>eo-</span> 
     </span>
     <span class='ocr_line' id='line_1_40' title="bbox 142 2028 913 2075; baseline -0.005 -9"><span class='ocrx_word' id='word_1_213' title='bbox 142 2042 223 2067; x_wconf 88' lang='lat' dir='ltr'>rum</span> <span class='ocrx_word' id='word_1_214' title='bbox 246 2034 349 2075; x_wconf 74' lang='lat' dir='ltr'>gesta</span> <span class='ocrx_word' id='word_1_215' title='bbox 370 2029 534 2065; x_wconf 81' lang='lat' dir='ltr'>studiose</span> <span class='ocrx_word' id='word_1_216' title='bbox 559 2028 831 2064; x_wconf 75' lang='lat' dir='ltr'>conscribimus</span> <span class='ocrx_word' id='word_1_217' title='bbox 852 2038 913 2063; x_wconf 91' lang='lat' dir='ltr'>os-</span> 
     </span>
    </p>
   </div>
   <div class='ocr_carea' id='block_1_4' title="bbox 987 245 1774 2063">
    <p class='ocr_par' dir='ltr' id='par_1_4' title="bbox 987 245 1774 2063">
     <span class='ocr_line' id='line_1_41' title="bbox 1005 245 1774 293; baseline 0.004 -13"><span class='ocrx_word' id='word_1_218' title='bbox 1005 246 1200 281; x_wconf 77' lang='lat' dir='ltr'>tendentes</span> <span class='ocrx_word' id='word_1_219' title='bbox 1238 246 1374 292; x_wconf 83' lang='lat' dir='ltr'>dogma</span> <span class='ocrx_word' id='word_1_220' title='bbox 1419 245 1655 288; x_wconf 84' lang='lat' dir='ltr'>catholicum,</span> <span class='ocrx_word' id='word_1_221' title='bbox 1706 257 1774 293; x_wconf 88' lang='lat' dir='ltr'>per</span> 
     </span>
     <span class='ocr_line' id='line_1_42' title="bbox 1002 292 1770 339; baseline 0.003 -12"><span class='ocrx_word' id='word_1_222' title='bbox 1002 292 1205 329; x_wconf 81' lang='lat' dir='ltr'>catholicos</span> <span class='ocrx_word' id='word_1_223' title='bbox 1233 297 1417 339; x_wconf 81' lang='lat' dir='ltr'>martyres</span> <span class='ocrx_word' id='word_1_224' title='bbox 1445 293 1688 337; x_wconf 84' lang='lat' dir='ltr'>custoditum,</span> <span class='ocrx_word' id='word_1_225' title='bbox 1708 304 1770 329; x_wconf 80' lang='lat' dir='ltr'>ex-</span> 
     </span>
     <span class='ocr_line' id='line_1_43' title="bbox 1001 339 1769 385; baseline 0.003 -11"><span class='ocrx_word' id='word_1_226' title='bbox 1001 339 1164 385; x_wconf 89' lang='lat' dir='ltr'>emplum</span> <span class='ocrx_word' id='word_1_227' title='bbox 1184 340 1342 385; x_wconf 86' lang='lat' dir='ltr'>posteris</span> <span class='ocrx_word' id='word_1_228' title='bbox 1369 340 1520 383; x_wconf 82' lang='lat' dir='ltr'>damus3</span> <span class='ocrx_word' id='word_1_229' title='bbox 1550 340 1769 376; x_wconf 81' lang='lat' dir='ltr'>aedificatio-</span> 
     </span>
     <span class='ocr_line' id='line_1_44' title="bbox 1000 387 1772 430; baseline 0.003 -9"><span class='ocrx_word' id='word_1_230' title='bbox 1000 397 1086 421; x_wconf 87' lang='lat' dir='ltr'>nem</span> <span class='ocrx_word' id='word_1_231' title='bbox 1124 387 1360 423; x_wconf 85' lang='lat' dir='ltr'>credentibus</span> <span class='ocrx_word' id='word_1_232' title='bbox 1402 387 1584 422; x_wconf 81' lang='lat' dir='ltr'>tradimus</span> <span class='ocrx_word' id='word_1_233' title='bbox 1604 398 1612 430; x_wconf 90' lang='lat'>;</span> <span class='ocrx_word' id='word_1_234' title='bbox 1654 391 1772 423; x_wconf 91' lang='lat' dir='ltr'>artem</span> 
     </span>
     <span class='ocr_line' id='line_1_45' title="bbox 1000 433 1770 470; baseline 0.003 -2"><span class='ocrx_word' id='word_1_235' title='bbox 1000 433 1088 468; x_wconf 86' lang='lat' dir='ltr'>belli</span> <span class='ocrx_word' id='word_1_236' title='bbox 1108 433 1243 469; x_wconf 86' lang='lat' dir='ltr'>Christi</span> <span class='ocrx_word' id='word_1_237' title='bbox 1263 434 1441 470; x_wconf 86' lang='lat' dir='ltr'>militibus</span> <span class='ocrx_word' id='word_1_238' title='bbox 1455 435 1770 470; x_wconf 81' lang='lat' dir='ltr'>demonstramus.</span> 
     </span>
     <span class='ocr_line' id='line_1_46' title="bbox 1001 481 1773 527; baseline 0.003 -12"><span class='ocrx_word' id='word_1_239' title='bbox 1001 481 1152 516; x_wconf 82' lang='lat' dir='ltr'>Constat</span> <span class='ocrx_word' id='word_1_240' title='bbox 1185 492 1248 517; x_wconf 93' lang='lat' dir='ltr'>eos</span> <span class='ocrx_word' id='word_1_241' title='bbox 1285 481 1435 527; x_wconf 90' lang='lat' dir='ltr'>quidem</span> <span class='ocrx_word' id='word_1_242' title='bbox 1460 482 1559 516; x_wconf 91' lang='lat' dir='ltr'>nolle</span> <span class='ocrx_word' id='word_1_243' title='bbox 1590 492 1773 527; x_wconf 83' lang='lat' dir='ltr'>pugnare,</span> 
     </span>
     <span class='ocr_line' id='line_1_47' title="bbox 1001 526 1773 574; baseline 0.004 -13"><span class='ocrx_word' id='word_1_244' title='bbox 1001 526 1030 562; x_wconf 88' lang='lat' dir='ltr'>si</span> <span class='ocrx_word' id='word_1_245' title='bbox 1054 538 1206 564; x_wconf 88' lang='lat' dir='ltr'>necesse</span> <span class='ocrx_word' id='word_1_246' title='bbox 1233 527 1292 572; x_wconf 87' lang='lat' dir='ltr'>sit,</span> <span class='ocrx_word' id='word_1_247' title='bbox 1317 528 1376 573; x_wconf 86' lang='lat' dir='ltr'>qui</span> <span class='ocrx_word' id='word_1_248' title='bbox 1399 528 1532 564; x_wconf 88' lang='lat' dir='ltr'>nolunt</span> <span class='ocrx_word' id='word_1_249' title='bbox 1559 528 1685 573; x_wconf 81' lang='lat' dir='ltr'>legere</span> <span class='ocrx_word' id='word_1_250' title='bbox 1706 539 1773 574; x_wconf 91' lang='lat' dir='ltr'>pu-</span> 
     </span>
     <span class='ocr_line' id='line_1_48' title="bbox 999 575 1773 621; baseline 0.003 -12"><span class='ocrx_word' id='word_1_251' title='bbox 999 578 1189 618; x_wconf 80' lang='lat' dir='ltr'>gnatores.</span> <span class='ocrx_word' id='word_1_252' title='bbox 1214 576 1401 621; x_wconf 89' lang='lat' dir='ltr'>Imperent</span> <span class='ocrx_word' id='word_1_253' title='bbox 1426 575 1614 610; x_wconf 89' lang='lat' dir='ltr'>silentium</span> <span class='ocrx_word' id='word_1_254' title='bbox 1637 575 1773 611; x_wconf 87' lang='lat' dir='ltr'>infide-</span> 
     </span>
     <span class='ocr_line' id='line_1_49' title="bbox 999 621 1772 668; baseline 0.001 -12"><span class='ocrx_word' id='word_1_255' title='bbox 999 621 1066 665; x_wconf 87' lang='lat' dir='ltr'>les,</span> <span class='ocrx_word' id='word_1_256' title='bbox 1091 624 1260 667; x_wconf 76' lang='lat' dir='ltr'>spectent</span> <span class='ocrx_word' id='word_1_257' title='bbox 1282 622 1429 668; x_wconf 84' lang='lat' dir='ltr'>pugiles</span> <span class='ocrx_word' id='word_1_258' title='bbox 1466 621 1686 666; x_wconf 86' lang='lat' dir='ltr'>diabolicos,</span> <span class='ocrx_word' id='word_1_259' title='bbox 1712 622 1772 668; x_wconf 90' lang='lat' dir='ltr'>qui</span> 
     </span>
     <span class='ocr_line' id='line_1_50' title="bbox 997 669 1773 714; baseline 0.001 -11"><span class='ocrx_word' id='word_1_260' title='bbox 997 669 1157 704; x_wconf 76' lang='lat' dir='ltr'>athletas</span> <span class='ocrx_word' id='word_1_261' title='bbox 1196 669 1342 704; x_wconf 88' lang='lat' dir='ltr'>Domini</span> <span class='ocrx_word' id='word_1_262' title='bbox 1395 674 1563 714; x_wconf 88' lang='lat' dir='ltr'>spectare</span> <span class='ocrx_word' id='word_1_263' title='bbox 1604 674 1773 705; x_wconf 90' lang='lat' dir='ltr'>contem-</span> 
     </span>
     <span class='ocr_line' id='line_1_51' title="bbox 998 716 1772 761; baseline 0.001 -11"><span class='ocrx_word' id='word_1_264' title='bbox 998 720 1113 757; x_wconf 88' lang='lat' dir='ltr'>nunt‚·</span> <span class='ocrx_word' id='word_1_265' title='bbox 1136 727 1204 751; x_wconf 90' lang='lat' dir='ltr'>nos</span> <span class='ocrx_word' id='word_1_266' title='bbox 1232 716 1374 751; x_wconf 84' lang='lat' dir='ltr'>divinas</span> <span class='ocrx_word' id='word_1_267' title='bbox 1391 716 1546 751; x_wconf 88' lang='lat' dir='ltr'>virtutes</span> <span class='ocrx_word' id='word_1_268' title='bbox 1568 716 1772 761; x_wconf 84' lang='lat' dir='ltr'>loquimur,</span> 
     </span>
     <span class='ocr_line' id='line_1_52' title="bbox 997 762 1773 809; baseline 0.001 -12"><span class='ocrx_word' id='word_1_269' title='bbox 997 762 1208 806; x_wconf 84' lang='lat' dir='ltr'>scribimus,</span> <span class='ocrx_word' id='word_1_270' title='bbox 1226 767 1260 798; x_wconf 90' lang='lat' dir='ltr'>et</span> <span class='ocrx_word' id='word_1_271' title='bbox 1274 763 1532 809; x_wconf 69' lang='lat' dir='ltr'>praedicamus.</span> <span class='ocrx_word' id='word_1_272' title='bbox 1546 763 1773 798; x_wconf 87' lang='lat' dir='ltr'>Prohibeant</span> 
     </span>
     <span class='ocr_line' id='line_1_53' title="bbox 997 809 1770 856; baseline 0.001 -12"><span class='ocrx_word' id='word_1_273' title='bbox 997 809 1136 852; x_wconf 81' lang='lat' dir='ltr'>aemuli,</span> <span class='ocrx_word' id='word_1_274' title='bbox 1177 810 1362 856; x_wconf 88' lang='lat' dir='ltr'>imperent</span> <span class='ocrx_word' id='word_1_275' title='bbox 1403 809 1591 845; x_wconf 90' lang='lat' dir='ltr'>silentium</span> <span class='ocrx_word' id='word_1_276' title='bbox 1634 809 1770 854; x_wconf 86' lang='lat' dir='ltr'>timidi,</span> 
     </span>
     <span class='ocr_line' id='line_1_54' title="bbox 996 856 1774 903; baseline 0.001 -12"><span class='ocrx_word' id='word_1_277' title='bbox 996 858 1192 892; x_wconf 80' lang='lat' dir='ltr'>verberent</span> <span class='ocrx_word' id='word_1_278' title='bbox 1214 860 1509 900; x_wconf 82' lang='lat' dir='ltr'>contemnentes,</span> <span class='ocrx_word' id='word_1_279' title='bbox 1532 857 1700 903; x_wconf 88' lang='lat' dir='ltr'>legentes</span> <span class='ocrx_word' id='word_1_280' title='bbox 1719 856 1774 892; x_wconf 88' lang='lat' dir='ltr'>in-</span> 
     </span>
     <span class='ocr_line' id='line_1_55' title="bbox 996 903 1771 949; baseline 0.001 -11"><span class='ocrx_word' id='word_1_281' title='bbox 996 907 1160 949; x_wconf 80' lang='lat' dir='ltr'>crepent,</span> <span class='ocrx_word' id='word_1_282' title='bbox 1198 903 1430 949; x_wconf 86' lang='lat' dir='ltr'>libenterque</span> <span class='ocrx_word' id='word_1_283' title='bbox 1463 905 1542 939; x_wconf 83' lang='lat' dir='ltr'>haec</span> <span class='ocrx_word' id='word_1_284' title='bbox 1576 904 1771 939; x_wconf 89' lang='lat' dir='ltr'>audientes</span> 
     </span>
     <span class='ocr_line' id='line_1_56' title="bbox 995 950 1770 986; baseline 0.001 -1"><span class='ocrx_word' id='word_1_285' title='bbox 995 954 1182 986; x_wconf 78' lang='lat' dir='ltr'>accusent.</span> <span class='ocrx_word' id='word_1_286' title='bbox 1219 951 1408 986; x_wconf 85' lang='lat' dir='ltr'>Gloriosos</span> <span class='ocrx_word' id='word_1_287' title='bbox 1447 951 1588 986; x_wconf 84' lang='lat' dir='ltr'>faciunt</span> <span class='ocrx_word' id='word_1_288' title='bbox 1632 950 1770 986; x_wconf 88' lang='lat' dir='ltr'>milites</span> 
     </span>
     <span class='ocr_line' id='line_1_57' title="bbox 995 997 1769 1043; baseline 0.003 -12"><span class='ocrx_word' id='word_1_289' title='bbox 995 998 1149 1032; x_wconf 80' lang='lat' dir='ltr'>vulnera</span> <span class='ocrx_word' id='word_1_290' title='bbox 1172 1008 1239 1043; x_wconf 87' lang='lat' dir='ltr'>pro</span> <span class='ocrx_word' id='word_1_291' title='bbox 1276 997 1514 1042; x_wconf 84' lang='lat' dir='ltr'>Imperatoris</span> <span class='ocrx_word' id='word_1_292' title='bbox 1547 997 1655 1033; x_wconf 89' lang='lat' dir='ltr'>laude</span> <span class='ocrx_word' id='word_1_293' title='bbox 1687 1008 1769 1033; x_wconf 88' lang='lat' dir='ltr'>sus-</span> 
     </span>
     <span class='ocr_line' id='line_1_58' title="bbox 995 1044 1772 1089; baseline 0.004 -12"><span class='ocrx_word' id='word_1_294' title='bbox 995 1048 1115 1088; x_wconf 83' lang='lat' dir='ltr'>cepta,</span> <span class='ocrx_word' id='word_1_295' title='bbox 1138 1055 1205 1089; x_wconf 88' lang='lat' dir='ltr'>pro</span> <span class='ocrx_word' id='word_1_296' title='bbox 1228 1045 1333 1088; x_wconf 87' lang='lat' dir='ltr'>cujus</span> <span class='ocrx_word' id='word_1_297' title='bbox 1350 1055 1477 1080; x_wconf 86' lang='lat' dir='ltr'>amore</span> <span class='ocrx_word' id='word_1_298' title='bbox 1493 1046 1604 1080; x_wconf 88' lang='lat' dir='ltr'>etiam</span> <span class='ocrx_word' id='word_1_299' title='bbox 1625 1044 1772 1080; x_wconf 90' lang='lat' dir='ltr'>animas</span> 
     </span>
     <span class='ocr_line' id='line_1_59' title="bbox 994 1089 1769 1136; baseline 0.004 -12"><span class='ocrx_word' id='word_1_300' title='bbox 994 1100 1135 1135; x_wconf 87' lang='lat' dir='ltr'>ponere</span> <span class='ocrx_word' id='word_1_301' title='bbox 1157 1089 1318 1125; x_wconf 85' lang='lat' dir='ltr'>libenter</span> <span class='ocrx_word' id='word_1_302' title='bbox 1329 1094 1512 1135; x_wconf 88' lang='lat' dir='ltr'>optamus.</span> <span class='ocrx_word' id='word_1_303' title='bbox 1526 1091 1769 1136; x_wconf 78' lang='lat' dir='ltr'>Triumphum</span> 
     </span>
     <span class='ocr_line' id='line_1_60' title="bbox 994 1136 1769 1177; baseline 0.004 -6"><span class='ocrx_word' id='word_1_304' title='bbox 994 1136 1143 1177; x_wconf 71' lang='lat' dir='ltr'>Christi,</span> <span class='ocrx_word' id='word_1_305' title='bbox 1167 1147 1209 1171; x_wconf 88' lang='lat' dir='ltr'>ac</span> <span class='ocrx_word' id='word_1_306' title='bbox 1237 1136 1429 1172; x_wconf 87' lang='lat' dir='ltr'>victoriam</span> <span class='ocrx_word' id='word_1_307' title='bbox 1466 1137 1644 1173; x_wconf 86' lang='lat' dir='ltr'>laboriosi</span> <span class='ocrx_word' id='word_1_308' title='bbox 1664 1149 1769 1174; x_wconf 81' lang='lat' dir='ltr'>exer-</span> 
     </span>
     <span class='ocr_line' id='line_1_61' title="bbox 993 1183 1768 1229; baseline 0.003 -11"><span class='ocrx_word' id='word_1_309' title='bbox 993 1183 1102 1227; x_wconf 85' lang='lat' dir='ltr'>citus,</span> <span class='ocrx_word' id='word_1_310' title='bbox 1131 1184 1175 1219; x_wconf 87' lang='lat' dir='ltr'>de</span> <span class='ocrx_word' id='word_1_311' title='bbox 1203 1183 1357 1219; x_wconf 88' lang='lat' dir='ltr'>occultis</span> <span class='ocrx_word' id='word_1_312' title='bbox 1392 1184 1493 1219; x_wconf 79' lang='lat' dir='ltr'>foras</span> <span class='ocrx_word' id='word_1_313' title='bbox 1528 1184 1768 1229; x_wconf 82' lang='lat' dir='ltr'>proterimus.</span> 
     </span>
     <span class='ocr_line' id='line_1_62' title="bbox 993 1230 1770 1276; baseline 0 -10"><span class='ocrx_word' id='word_1_314' title='bbox 993 1231 1136 1266; x_wconf 81' lang='lat' dir='ltr'>Scimus</span> <span class='ocrx_word' id='word_1_315' title='bbox 1158 1230 1257 1265; x_wconf 87' lang='lat' dir='ltr'>enim</span> <span class='ocrx_word' id='word_1_316' title='bbox 1279 1241 1346 1276; x_wconf 85' lang='lat' dir='ltr'>per</span> <span class='ocrx_word' id='word_1_317' title='bbox 1364 1230 1439 1268; x_wconf 85' lang='lat' dir='ltr'>illa,</span> <span class='ocrx_word' id='word_1_318' title='bbox 1464 1241 1545 1276; x_wconf 79' lang='lat' dir='ltr'>quae</span> <span class='ocrx_word' id='word_1_319' title='bbox 1567 1231 1627 1265; x_wconf 92' lang='lat' dir='ltr'>isti</span> <span class='ocrx_word' id='word_1_320' title='bbox 1646 1231 1770 1267; x_wconf 87' lang='lat' dir='ltr'>visibi-</span> 
     </span>
     <span class='ocr_line' id='line_1_63' title="bbox 991 1277 1769 1323; baseline 0.001 -11"><span class='ocrx_word' id='word_1_321' title='bbox 991 1278 1076 1313; x_wconf 90' lang='lat' dir='ltr'>liter</span> <span class='ocrx_word' id='word_1_322' title='bbox 1094 1277 1192 1323; x_wconf 86' lang='lat' dir='ltr'>passi</span> <span class='ocrx_word' id='word_1_323' title='bbox 1213 1281 1312 1318; x_wconf 86' lang='lat' dir='ltr'>sunt,</span> <span class='ocrx_word' id='word_1_324' title='bbox 1332 1277 1567 1313; x_wconf 88' lang='lat' dir='ltr'>invisibiliter</span> <span class='ocrx_word' id='word_1_325' title='bbox 1585 1288 1652 1313; x_wconf 86' lang='lat' dir='ltr'>nos</span> <span class='ocrx_word' id='word_1_326' title='bbox 1671 1279 1769 1313; x_wconf 81' lang='lat' dir='ltr'>exci-</span> 
     </span>
     <span class='ocr_line' id='line_1_64' title="bbox 992 1324 1770 1369; baseline 0.001 -10"><span class='ocrx_word' id='word_1_327' title='bbox 992 1324 1062 1360; x_wconf 87' lang='lat' dir='ltr'>tari</span> <span class='ocrx_word' id='word_1_328' title='bbox 1091 1324 1279 1369; x_wconf 80' lang='lat' dir='ltr'>quotidie3</span> <span class='ocrx_word' id='word_1_329' title='bbox 1309 1324 1445 1360; x_wconf 88' lang='lat' dir='ltr'>scimus</span> <span class='ocrx_word' id='word_1_330' title='bbox 1473 1328 1509 1360; x_wconf 88' lang='lat' dir='ltr'>ct</span> <span class='ocrx_word' id='word_1_331' title='bbox 1535 1325 1770 1369; x_wconf 72' lang='lat' dir='ltr'>negligenter</span> 
     </span>
     <span class='ocr_line' id='line_1_65' title="bbox 990 1371 1770 1417; baseline 0.001 -11"><span class='ocrx_word' id='word_1_332' title='bbox 990 1375 1199 1417; x_wconf 78' lang='lat' dir='ltr'>pugnantes</span> <span class='ocrx_word' id='word_1_333' title='bbox 1229 1371 1352 1407; x_wconf 89' lang='lat' dir='ltr'>acrius</span> <span class='ocrx_word' id='word_1_334' title='bbox 1376 1372 1577 1407; x_wconf 86' lang='lat' dir='ltr'>vulnerari.</span> <span class='ocrx_word' id='word_1_335' title='bbox 1596 1374 1704 1417; x_wconf 80' lang='lat' dir='ltr'>Ergo,</span> <span class='ocrx_word' id='word_1_336' title='bbox 1728 1375 1770 1408; x_wconf 85' lang='lat' dir='ltr'>ut</span> 
     </span>
     <span class='ocr_line' id='line_1_66' title="bbox 991 1419 1766 1464; baseline 0.001 -11"><span class='ocrx_word' id='word_1_337' title='bbox 991 1429 1095 1454; x_wconf 90' lang='lat' dir='ltr'>arma</span> <span class='ocrx_word' id='word_1_338' title='bbox 1126 1422 1345 1464; x_wconf 86' lang='lat' dir='ltr'>pertractes,</span> <span class='ocrx_word' id='word_1_339' title='bbox 1373 1419 1526 1454; x_wconf 88' lang='lat' dir='ltr'>attende</span> <span class='ocrx_word' id='word_1_340' title='bbox 1558 1419 1766 1463; x_wconf 80' lang='lat' dir='ltr'>bellantes;</span> 
     </span>
     <span class='ocr_line' id='line_1_67' title="bbox 989 1466 1766 1511; baseline 0.001 -11"><span class='ocrx_word' id='word_1_341' title='bbox 989 1466 1035 1500; x_wconf 84' lang='lat' dir='ltr'>da</span> <span class='ocrx_word' id='word_1_342' title='bbox 1058 1469 1222 1500; x_wconf 81' lang='lat' dir='ltr'>mentem</span> <span class='ocrx_word' id='word_1_343' title='bbox 1244 1466 1389 1508; x_wconf 85' lang='lat' dir='ltr'>studiis,</span> <span class='ocrx_word' id='word_1_344' title='bbox 1412 1469 1449 1501; x_wconf 88' lang='lat' dir='ltr'>ut</span> <span class='ocrx_word' id='word_1_345' title='bbox 1471 1466 1587 1501; x_wconf 87' lang='lat' dir='ltr'>hostis</span> <span class='ocrx_word' id='word_1_346' title='bbox 1614 1466 1766 1511; x_wconf 80' lang='lat' dir='ltr'>incipiat</span> 
     </span>
     <span class='ocr_line' id='line_1_68' title="bbox 988 1512 1768 1558; baseline 0.003 -12"><span class='ocrx_word' id='word_1_347' title='bbox 988 1516 1023 1547; x_wconf 86' lang='lat' dir='ltr'>te</span> <span class='ocrx_word' id='word_1_348' title='bbox 1044 1512 1175 1547; x_wconf 86' lang='lat' dir='ltr'>timere</span> <span class='ocrx_word' id='word_1_349' title='bbox 1194 1526 1203 1547; x_wconf 91' lang='lat'>.·</span> <span class='ocrx_word' id='word_1_350' title='bbox 1224 1526 1241 1546; x_wconf 79' lang='lat'>›&gt;</span> <span class='ocrx_word' id='word_1_351' title='bbox 1264 1514 1342 1547; x_wconf 77' lang='lat' dir='ltr'>haec</span> <span class='ocrx_word' id='word_1_352' title='bbox 1359 1512 1419 1548; x_wconf 89' lang='lat' dir='ltr'>ubi</span> <span class='ocrx_word' id='word_1_353' title='bbox 1441 1524 1566 1558; x_wconf 85' lang='lat' dir='ltr'>supra.</span> <span class='ocrx_word' id='word_1_354' title='bbox 1586 1513 1694 1548; x_wconf 65' lang='lat' dir='ltr'>Yides</span> <span class='ocrx_word' id='word_1_355' title='bbox 1712 1523 1768 1548; x_wconf 85' lang='lat' dir='ltr'>er-</span> 
     </span>
     <span class='ocr_line' id='line_1_69' title="bbox 989 1559 1768 1604; baseline 0.001 -11"><span class='ocrx_word' id='word_1_356' title='bbox 989 1570 1049 1603; x_wconf 82' lang='lat' dir='ltr'>go,</span> <span class='ocrx_word' id='word_1_357' title='bbox 1064 1559 1259 1604; x_wconf 84' lang='lat' dir='ltr'>impudens</span> <span class='ocrx_word' id='word_1_358' title='bbox 1276 1561 1495 1595; x_wconf 86' lang='lat' dir='ltr'>Sanctorum</span> <span class='ocrx_word' id='word_1_359' title='bbox 1511 1560 1713 1603; x_wconf 78' lang='lat' dir='ltr'>detractor,</span> <span class='ocrx_word' id='word_1_360' title='bbox 1730 1563 1768 1595; x_wconf 85' lang='lat' dir='ltr'>et</span> 
     </span>
     <span class='ocr_line' id='line_1_70' title="bbox 990 1605 1760 1651; baseline 0.001 -11"><span class='ocrx_word' id='word_1_361' title='bbox 990 1606 1212 1641; x_wconf 60' lang='lat' dir='ltr'>tlliristianio</span> <span class='ocrx_word' id='word_1_362' title='bbox 1264 1605 1455 1651; x_wconf 70' lang='lat' dir='ltr'>religionis</span> <span class='ocrx_word' id='word_1_363' title='bbox 1504 1606 1760 1651; x_wconf 83' lang='lat' dir='ltr'>impugnator,</span> 
     </span>
     <span class='ocr_line' id='line_1_71' title="bbox 989 1652 1763 1698; baseline 0.004 -13"><span class='ocrx_word' id='word_1_364' title='bbox 989 1653 1088 1697; x_wconf 78' lang='lat' dir='ltr'>quia,</span> <span class='ocrx_word' id='word_1_365' title='bbox 1112 1654 1317 1689; x_wconf 86' lang='lat' dir='ltr'>secundum</span> <span class='ocrx_word' id='word_1_366' title='bbox 1338 1654 1418 1688; x_wconf 80' lang='lat' dir='ltr'>haec</span> <span class='ocrx_word' id='word_1_367' title='bbox 1438 1652 1549 1694; x_wconf 89' lang='lat' dir='ltr'>dicta,</span> <span class='ocrx_word' id='word_1_368' title='bbox 1573 1658 1763 1698; x_wconf 82' lang='lat' dir='ltr'>tamquam</span> 
     </span>
     <span class='ocr_line' id='line_1_72' title="bbox 988 1699 1762 1745; baseline 0 -10"><span class='ocrx_word' id='word_1_369' title='bbox 988 1701 1102 1735; x_wconf 85' lang='lat' dir='ltr'>arbor</span> <span class='ocrx_word' id='word_1_370' title='bbox 1142 1699 1373 1736; x_wconf 82' lang='lat' dir='ltr'>infructuosa</span> <span class='ocrx_word' id='word_1_371' title='bbox 1425 1703 1565 1735; x_wconf 84' lang='lat' dir='ltr'>terram</span> <span class='ocrx_word' id='word_1_372' title='bbox 1602 1710 1762 1745; x_wconf 83' lang='lat' dir='ltr'>occupas</span> 
     </span>
     <span class='ocr_line' id='line_1_73' title="bbox 988 1746 1762 1791; baseline 0.001 -11"><span class='ocrx_word' id='word_1_373' title='bbox 988 1747 1075 1781; x_wconf 88' lang='lat' dir='ltr'>dum</span> <span class='ocrx_word' id='word_1_374' title='bbox 1094 1746 1199 1791; x_wconf 80' lang='lat' dir='ltr'>vivis,</span> <span class='ocrx_word' id='word_1_375' title='bbox 1223 1751 1258 1782; x_wconf 89' lang='lat' dir='ltr'>et</span> <span class='ocrx_word' id='word_1_376' title='bbox 1284 1758 1357 1782; x_wconf 91' lang='lat' dir='ltr'>non</span> <span class='ocrx_word' id='word_1_377' title='bbox 1375 1750 1410 1781; x_wconf 89' lang='lat' dir='ltr'>te</span> <span class='ocrx_word' id='word_1_378' title='bbox 1433 1747 1670 1789; x_wconf 89' lang='lat' dir='ltr'>catholicum,</span> <span class='ocrx_word' id='word_1_379' title='bbox 1697 1747 1762 1782; x_wconf 90' lang='lat' dir='ltr'>sed</span> 
     </span>
     <span class='ocr_line' id='line_1_74' title="bbox 987 1792 1763 1839; baseline 0.003 -12"><span class='ocrx_word' id='word_1_380' title='bbox 987 1792 1179 1828; x_wconf 75' lang='lat' dir='ltr'>infidelem</span> <span class='ocrx_word' id='word_1_381' title='bbox 1225 1805 1304 1829; x_wconf 82' lang='lat' dir='ltr'>esse</span> <span class='ocrx_word' id='word_1_382' title='bbox 1361 1793 1525 1829; x_wconf 87' lang='lat' dir='ltr'>ostendis</span> <span class='ocrx_word' id='word_1_383' title='bbox 1552 1805 1560 1837; x_wconf 82' lang='lat'><em>3</em></span> <span class='ocrx_word' id='word_1_384' title='bbox 1605 1793 1763 1839; x_wconf 87' lang='lat' dir='ltr'>ideoque</span> 
     </span>
     <span class='ocr_line' id='line_1_75' title="bbox 987 1839 1759 1883; baseline 0.001 -9"><span class='ocrx_word' id='word_1_385' title='bbox 987 1841 1120 1875; x_wconf 82' lang='lat' dir='ltr'>timere</span> <span class='ocrx_word' id='word_1_386' title='bbox 1141 1841 1257 1875; x_wconf 86' lang='lat' dir='ltr'>habes</span> <span class='ocrx_word' id='word_1_387' title='bbox 1278 1851 1325 1876; x_wconf 89' lang='lat' dir='ltr'>ne</span> <span class='ocrx_word' id='word_1_388' title='bbox 1347 1840 1479 1875; x_wconf 88' lang='lat' dir='ltr'>merito</span> <span class='ocrx_word' id='word_1_389' title='bbox 1502 1839 1698 1883; x_wconf 80' lang='lat' dir='ltr'>excidaris,</span> <span class='ocrx_word' id='word_1_390' title='bbox 1722 1844 1759 1875; x_wconf 88' lang='lat' dir='ltr'>et</span> 
     </span>
     <span class='ocr_line' id='line_1_76' title="bbox 987 1886 1759 1932; baseline 0.001 -11"><span class='ocrx_word' id='word_1_391' title='bbox 987 1886 1025 1921; x_wconf 92' lang='lat' dir='ltr'>in</span> <span class='ocrx_word' id='word_1_392' title='bbox 1066 1887 1189 1931; x_wconf 85' lang='lat' dir='ltr'>ignem</span> <span class='ocrx_word' id='word_1_393' title='bbox 1232 1887 1406 1930; x_wconf 87' lang='lat' dir='ltr'>mittaris,</span> <span class='ocrx_word' id='word_1_394' title='bbox 1428 1898 1470 1922; x_wconf 85' lang='lat' dir='ltr'>ac</span> <span class='ocrx_word' id='word_1_395' title='bbox 1493 1891 1637 1932; x_wconf 85' lang='lat' dir='ltr'>partem</span> <span class='ocrx_word' id='word_1_396' title='bbox 1675 1897 1759 1922; x_wconf 88' lang='lat' dir='ltr'>cum</span> 
     </span>
     <span class='ocr_line' id='line_1_77' title="bbox 988 1933 1759 1979; baseline 0.001 -12"><span class='ocrx_word' id='word_1_397' title='bbox 988 1933 1202 1969; x_wconf 73' lang='lat' dir='ltr'>infidelibus</span> <span class='ocrx_word' id='word_1_398' title='bbox 1223 1933 1477 1979; x_wconf 79' lang='lat' dir='ltr'>consequarIs.</span> <span class='ocrx_word' id='word_1_399' title='bbox 1502 1936 1554 1969; x_wconf 86' lang='lat' dir='ltr'>Da</span> <span class='ocrx_word' id='word_1_400' title='bbox 1572 1944 1675 1978; x_wconf 82' lang='lat' dir='ltr'>ergo,</span> <span class='ocrx_word' id='word_1_401' title='bbox 1690 1933 1759 1968; x_wconf 90' lang='lat' dir='ltr'>mi-</span> 
     </span>
     <span class='ocr_line' id='line_1_78' title="bbox 987 1980 1761 2026; baseline 0.001 -11"><span class='ocrx_word' id='word_1_402' title='bbox 987 1991 1059 2023; x_wconf 83' lang='lat' dir='ltr'>ser,</span> <span class='ocrx_word' id='word_1_403' title='bbox 1082 1980 1238 2025; x_wconf 80' lang='lat' dir='ltr'>gloriam</span> <span class='ocrx_word' id='word_1_404' title='bbox 1258 1980 1414 2023; x_wconf 85' lang='lat' dir='ltr'>Sanctis,</span> <span class='ocrx_word' id='word_1_405' title='bbox 1436 1983 1473 2015; x_wconf 87' lang='lat' dir='ltr'>ut</span> <span class='ocrx_word' id='word_1_406' title='bbox 1493 1991 1576 2016; x_wconf 88' lang='lat' dir='ltr'>cum</span> <span class='ocrx_word' id='word_1_407' title='bbox 1596 1982 1650 2016; x_wconf 86' lang='lat' dir='ltr'>eis</span> <span class='ocrx_word' id='word_1_408' title='bbox 1673 1991 1761 2026; x_wconf 89' lang='lat' dir='ltr'>par-</span> 
     </span>
     <span class='ocr_line' id='line_1_79' title="bbox 988 2027 1434 2063; baseline 0.002 -1"><span class='ocrx_word' id='word_1_409' title='bbox 988 2030 1063 2062; x_wconf 86' lang='lat' dir='ltr'>tem</span> <span class='ocrx_word' id='word_1_410' title='bbox 1082 2028 1220 2063; x_wconf 84' lang='lat' dir='ltr'>habere</span> <span class='ocrx_word' id='word_1_411' title='bbox 1242 2027 1434 2063; x_wconf 87' lang='lat' dir='ltr'>merearis.</span> 
     </span>
    </p>
   </div>
   <div class='ocr_carea' id='block_1_5' title="bbox 871 2158 1039 2194">
    <p class='ocr_par' dir='ltr' id='par_1_5' title="bbox 871 2158 1039 2194">
     <span class='ocr_line' id='line_1_80' title="bbox 871 2158 1039 2194; baseline -0.006 0"><span class='ocrx_word' id='word_1_412' title='bbox 871 2158 1039 2194; x_wconf 81' lang='lat' dir='ltr'><strong>ORATIO</strong></span> 
     </span>
    </p>
   </div>
   <div class='ocr_carea' id='block_1_6' title="bbox 137 2268 1759 2646">
    <p class='ocr_par' dir='ltr' id='par_1_6' title="bbox 137 2268 1759 2646">
     <span class='ocr_line' id='line_1_81' title="bbox 188 2268 1759 2315; baseline -0.001 -8"><span class='ocrx_word' id='word_1_413' title='bbox 188 2273 214 2308; x_wconf 89' lang='lat' dir='ltr'>O</span> <span class='ocrx_word' id='word_1_414' title='bbox 236 2272 344 2306; x_wconf 78' lang='lat' dir='ltr'>beate</span> <span class='ocrx_word' id='word_1_415' title='bbox 366 2272 582 2305; x_wconf 71' lang='lat' dir='ltr'>Prtecursor</span> <span class='ocrx_word' id='word_1_416' title='bbox 601 2272 637 2305; x_wconf 93' lang='lat' dir='ltr'>et</span> <span class='ocrx_word' id='word_1_417' title='bbox 657 2269 754 2305; x_wconf 87' lang='lat' dir='ltr'>alme</span> <span class='ocrx_word' id='word_1_418' title='bbox 773 2269 953 2315; x_wconf 85' lang='lat' dir='ltr'>Baptista,</span> <span class='ocrx_word' id='word_1_419' title='bbox 976 2272 1012 2305; x_wconf 90' lang='lat' dir='ltr'>et</span> <span class='ocrx_word' id='word_1_420' title='bbox 1040 2279 1172 2315; x_wconf 85' lang='lat' dir='ltr'>magne</span> <span class='ocrx_word' id='word_1_421' title='bbox 1196 2268 1315 2305; x_wconf 87' lang='lat' dir='ltr'>amice</span> <span class='ocrx_word' id='word_1_422' title='bbox 1343 2269 1477 2306; x_wconf 88' lang='lat' dir='ltr'>Christi</span> <span class='ocrx_word' id='word_1_423' title='bbox 1506 2272 1685 2314; x_wconf 86' lang='lat' dir='ltr'>Joannes,</span> <span class='ocrx_word' id='word_1_424' title='bbox 1707 2270 1759 2307; x_wconf 92' lang='lat' dir='ltr'>lu-</span> 
     </span>
     <span class='ocr_line' id='line_1_82' title="bbox 141 2316 1758 2363; baseline -0.001 -9"><span class='ocrx_word' id='word_1_425' title='bbox 141 2329 252 2355; x_wconf 87' lang='lat' dir='ltr'>cerna</span> <span class='ocrx_word' id='word_1_426' title='bbox 275 2318 401 2352; x_wconf 70' lang='lat' dir='ltr'>lucens</span> <span class='ocrx_word' id='word_1_427' title='bbox 435 2320 468 2352; x_wconf 90' lang='lat' dir='ltr'>et</span> <span class='ocrx_word' id='word_1_428' title='bbox 491 2317 640 2360; x_wconf 87' lang='lat' dir='ltr'>ardens,</span> <span class='ocrx_word' id='word_1_429' title='bbox 665 2327 731 2352; x_wconf 89' lang='lat' dir='ltr'>ora</span> <span class='ocrx_word' id='word_1_430' title='bbox 752 2327 819 2363; x_wconf 90' lang='lat' dir='ltr'>pro</span> <span class='ocrx_word' id='word_1_431' title='bbox 840 2327 899 2352; x_wconf 92' lang='lat' dir='ltr'>me</span> <span class='ocrx_word' id='word_1_432' title='bbox 930 2316 1078 2361; x_wconf 84' lang='lat' dir='ltr'>misero,</span> <span class='ocrx_word' id='word_1_433' title='bbox 1107 2316 1153 2351; x_wconf 91' lang='lat' dir='ltr'>ad</span> <span class='ocrx_word' id='word_1_434' title='bbox 1181 2316 1296 2351; x_wconf 90' lang='lat' dir='ltr'>Deum</span> <span class='ocrx_word' id='word_1_435' title='bbox 1320 2320 1463 2362; x_wconf 88' lang='lat' dir='ltr'>patrem</span> <span class='ocrx_word' id='word_1_436' title='bbox 1483 2317 1758 2354; x_wconf 86' lang='lat' dir='ltr'>misericordia—</span> 
     </span>
     <span class='ocr_line' id='line_1_83' title="bbox 140 2362 1758 2409; baseline 0 -8"><span class='ocrx_word' id='word_1_437' title='bbox 140 2376 238 2408; x_wconf 90' lang='lat' dir='ltr'>rum,</span> <span class='ocrx_word' id='word_1_438' title='bbox 261 2368 298 2399; x_wconf 91' lang='lat' dir='ltr'>ut</span> <span class='ocrx_word' id='word_1_439' title='bbox 318 2375 382 2399; x_wconf 82' lang='lat' dir='ltr'>cor</span> <span class='ocrx_word' id='word_1_440' title='bbox 403 2374 526 2398; x_wconf 88' lang='lat' dir='ltr'>meum</span> <span class='ocrx_word' id='word_1_441' title='bbox 561 2364 802 2399; x_wconf 87' lang='lat' dir='ltr'>tenebrosum</span> <span class='ocrx_word' id='word_1_442' title='bbox 822 2367 859 2400; x_wconf 87' lang='lat' dir='ltr'>et</span> <span class='ocrx_word' id='word_1_443' title='bbox 883 2364 1059 2409; x_wconf 86' lang='lat' dir='ltr'>frigidum</span> <span class='ocrx_word' id='word_1_444' title='bbox 1081 2362 1266 2398; x_wconf 87' lang='lat' dir='ltr'>illuminet</span> <span class='ocrx_word' id='word_1_445' title='bbox 1287 2365 1323 2398; x_wconf 88' lang='lat' dir='ltr'>et</span> <span class='ocrx_word' id='word_1_446' title='bbox 1344 2364 1545 2407; x_wconf 88' lang='lat' dir='ltr'>accendat;</span> <span class='ocrx_word' id='word_1_447' title='bbox 1570 2368 1605 2399; x_wconf 89' lang='lat' dir='ltr'>et</span> <span class='ocrx_word' id='word_1_448' title='bbox 1630 2364 1694 2404; x_wconf 88' lang='lat' dir='ltr'>ita,</span> <span class='ocrx_word' id='word_1_449' title='bbox 1719 2368 1758 2401; x_wconf 87' lang='lat' dir='ltr'>ut</span> 
     </span>
     <span class='ocr_line' id='line_1_84' title="bbox 140 2409 1757 2456; baseline 0 -9"><span class='ocrx_word' id='word_1_450' title='bbox 140 2417 176 2448; x_wconf 89' lang='lat' dir='ltr'>te</span> <span class='ocrx_word' id='word_1_451' title='bbox 197 2411 378 2446; x_wconf 84' lang='lat' dir='ltr'>imitando</span> <span class='ocrx_word' id='word_1_452' title='bbox 397 2421 463 2455; x_wconf 88' lang='lat' dir='ltr'>pro</span> <span class='ocrx_word' id='word_1_453' title='bbox 486 2411 646 2454; x_wconf 88' lang='lat' dir='ltr'>Christo,</span> <span class='ocrx_word' id='word_1_454' title='bbox 664 2421 730 2456; x_wconf 90' lang='lat' dir='ltr'>pro</span> <span class='ocrx_word' id='word_1_455' title='bbox 752 2411 840 2455; x_wconf 86' lang='lat' dir='ltr'>fide,</span> <span class='ocrx_word' id='word_1_456' title='bbox 869 2422 934 2456; x_wconf 89' lang='lat' dir='ltr'>pro</span> <span class='ocrx_word' id='word_1_457' title='bbox 952 2410 1121 2454; x_wconf 85' lang='lat' dir='ltr'>veritate,</span> <span class='ocrx_word' id='word_1_458' title='bbox 1144 2420 1210 2455; x_wconf 88' lang='lat' dir='ltr'>pro</span> <span class='ocrx_word' id='word_1_459' title='bbox 1234 2409 1379 2455; x_wconf 87' lang='lat' dir='ltr'>justitia</span> <span class='ocrx_word' id='word_1_460' title='bbox 1401 2411 1586 2456; x_wconf 87' lang='lat' dir='ltr'>patienter</span> <span class='ocrx_word' id='word_1_461' title='bbox 1601 2411 1757 2447; x_wconf 78' lang='lat' dir='ltr'>adversa</span> 
     </span>
     <span class='ocr_line' id='line_1_85' title="bbox 139 2457 1756 2504; baseline -0.001 -9"><span class='ocrx_word' id='word_1_462' title='bbox 139 2458 357 2499; x_wconf 81' lang='lat' dir='ltr'>sustineam,</span> <span class='ocrx_word' id='word_1_463' title='bbox 379 2461 415 2492; x_wconf 86' lang='lat' dir='ltr'>et</span> <span class='ocrx_word' id='word_1_464' title='bbox 431 2457 586 2492; x_wconf 83' lang='lat' dir='ltr'>viriliter</span> <span class='ocrx_word' id='word_1_465' title='bbox 606 2457 719 2493; x_wconf 87' lang='lat' dir='ltr'>etiam</span> <span class='ocrx_word' id='word_1_466' title='bbox 746 2469 865 2503; x_wconf 84' lang='lat' dir='ltr'>usque</span> <span class='ocrx_word' id='word_1_467' title='bbox 897 2458 943 2493; x_wconf 88' lang='lat' dir='ltr'>ad</span> <span class='ocrx_word' id='word_1_468' title='bbox 964 2461 1123 2493; x_wconf 88' lang='lat' dir='ltr'>mortem</span> <span class='ocrx_word' id='word_1_469' title='bbox 1141 2459 1284 2492; x_wconf 86' lang='lat' dir='ltr'>certare</span> <span class='ocrx_word' id='word_1_470' title='bbox 1306 2468 1378 2493; x_wconf 92' lang='lat' dir='ltr'>non</span> <span class='ocrx_word' id='word_1_471' title='bbox 1396 2457 1562 2502; x_wconf 89' lang='lat' dir='ltr'>timeam,</span> <span class='ocrx_word' id='word_1_472' title='bbox 1595 2461 1635 2494; x_wconf 92' lang='lat' dir='ltr'>ut</span> <span class='ocrx_word' id='word_1_473' title='bbox 1673 2462 1756 2504; x_wconf 84' lang='lat' dir='ltr'>post</span> 
     </span>
     <span class='ocr_line' id='line_1_86' title="bbox 138 2503 1755 2551; baseline 0 -10"><span class='ocrx_word' id='word_1_474' title='bbox 138 2507 233 2541; x_wconf 85' lang='lat' dir='ltr'>hane</span> <span class='ocrx_word' id='word_1_475' title='bbox 253 2504 421 2549; x_wconf 81' lang='lat' dir='ltr'>fragilem</span> <span class='ocrx_word' id='word_1_476' title='bbox 442 2503 568 2546; x_wconf 85' lang='lat' dir='ltr'>vitam,</span> <span class='ocrx_word' id='word_1_477' title='bbox 590 2504 662 2539; x_wconf 89' lang='lat' dir='ltr'>tuis</span> <span class='ocrx_word' id='word_1_478' title='bbox 684 2505 826 2540; x_wconf 87' lang='lat' dir='ltr'>meritis</span> <span class='ocrx_word' id='word_1_479' title='bbox 847 2508 883 2540; x_wconf 86' lang='lat' dir='ltr'>et</span> <span class='ocrx_word' id='word_1_480' title='bbox 902 2504 1075 2550; x_wconf 87' lang='lat' dir='ltr'>precibus</span> <span class='ocrx_word' id='word_1_481' title='bbox 1099 2504 1430 2549; x_wconf 86' lang='lat' dir='ltr'>intercedentibus,</span> <span class='ocrx_word' id='word_1_482' title='bbox 1452 2505 1608 2540; x_wconf 87' lang='lat' dir='ltr'>feliciter</span> <span class='ocrx_word' id='word_1_483' title='bbox 1627 2516 1755 2551; x_wconf 88' lang='lat' dir='ltr'>perve-</span> 
     </span>
     <span class='ocr_line' id='line_1_87' title="bbox 138 2550 1754 2598; baseline -0.001 -9"><span class='ocrx_word' id='word_1_484' title='bbox 138 2555 218 2589; x_wconf 84' lang='lat' dir='ltr'>nire</span> <span class='ocrx_word' id='word_1_485' title='bbox 236 2552 392 2595; x_wconf 75' lang='lat' dir='ltr'>valeam,</span> <span class='ocrx_word' id='word_1_486' title='bbox 417 2551 463 2585; x_wconf 82' lang='lat' dir='ltr'>ad</span> <span class='ocrx_word' id='word_1_487' title='bbox 489 2550 634 2595; x_wconf 80' lang='lat' dir='ltr'>regales</span> <span class='ocrx_word' id='word_1_488' title='bbox 656 2552 806 2597; x_wconf 87' lang='lat' dir='ltr'>nuptias</span> <span class='ocrx_word' id='word_1_489' title='bbox 832 2551 1061 2588; x_wconf 86' lang='lat' dir='ltr'>immaculati</span> <span class='ocrx_word' id='word_1_490' title='bbox 1084 2551 1195 2596; x_wconf 86' lang='lat' dir='ltr'>Agni,</span> <span class='ocrx_word' id='word_1_491' title='bbox 1219 2561 1330 2596; x_wconf 91' lang='lat' dir='ltr'>quem</span> <span class='ocrx_word' id='word_1_492' title='bbox 1364 2555 1402 2587; x_wconf 90' lang='lat' dir='ltr'>tu</span> <span class='ocrx_word' id='word_1_493' title='bbox 1431 2552 1529 2588; x_wconf 90' lang='lat' dir='ltr'>almo</span> <span class='ocrx_word' id='word_1_494' title='bbox 1549 2555 1612 2588; x_wconf 87' lang='lat' dir='ltr'>tuo</span> <span class='ocrx_word' id='word_1_495' title='bbox 1639 2551 1754 2598; x_wconf 85' lang='lat' dir='ltr'>digito</span> 
     </span>
     <span class='ocr_line' id='line_1_88' title="bbox 137 2597 660 2646; baseline -0.006 -11"><span class='ocrx_word' id='word_1_496' title='bbox 137 2599 274 2646; x_wconf 90' lang='lat' dir='ltr'>populo</span> <span class='ocrx_word' id='word_1_497' title='bbox 298 2597 508 2633; x_wconf 86' lang='lat' dir='ltr'>ostendisti.</span> <span class='ocrx_word' id='word_1_498' title='bbox 529 2599 660 2633; x_wconf 90' lang='lat' dir='ltr'>Amen.</span> 
     </span>
    </p>
   </div>
  </div>
 </body>
</html>
