1894 3186
142 173 198 205 190
632 165 781 199 PRIMAE
819 165 972 198 PARTIS
1010 165 1155 199 CAPUT
1193 163 1287 197 LXX

138 250 223 276 rum
250 238 464 284 pectoribus
489 236 601 281 inest,
629 236 772 272 cunctis
799 234 922 271 omni-

139 298 188 324 no
203 287 312 322 rebus
324 286 535 331 fragiliores
550 284 649 320 facit.
668 297 681 315 »
700 285 744 318 Et
758 284 892 318 iterum
911 293 918 317 :

143 348 161 367 «
195 335 418 369 Peccatores
452 331 612 368 scientes
644 335 680 366 et
712 331 921 365 nescientes

139 391 327 428 quemque
337 378 535 426 strepitum
544 377 829 425 pertimescunt:
841 387 922 423 pec-

992 238 1115 269 catum
1131 233 1244 278 enim,
1266 232 1414 269 nemine
1429 236 1623 278 arguente,
1644 233 1768 270 homi·

990 292 1077 317 nem
1095 281 1243 326 prodit;
1265 280 1414 316 nemine
1440 283 1650 324 accusante,
1673 291 1766 316 con-

992 329 1165 371 demnat3
1187 327 1407 364 ettimidum
1422 331 1457 363 et
1477 327 1624 373 pigrum
1643 327 1766 364 reddit

992 375 1273 421 delinquentem
1297 386 1305 411 ε
1334 388 1352 409 »
1374 376 1454 411 haec
1479 377 1764 420 Chrysostomus.

870 500 1041 538 ORATIO

185 612 342 648 Domine
362 612 452 647 Jesu
478 610 624 646 Christo
651 607 951 651 clementissime,
980 606 1133 651 dignare
1167 606 1205 641 in
1244 606 1453 643 naviculam
1486 607 1648 652 pectoris
1691 607 1766 643 mei

137 659 354 703 ascendere,
390 662 426 693 et
466 655 652 703 superbire
688 653 965 698 ventositatem,
1006 664 1049 688 ac
1075 653 1250 689 vitiorum
1280 653 1553 700 insurgentium
1587 654 1768 699 procellas

137 707 283 749 sedare,
307 716 353 741 ne
376 715 435 740 me
456 704 495 740 in
519 704 646 748 aliquo
669 701 921 737 tentationum
942 702 1074 736 ventus
1097 701 1299 745 subvertat,
1323 701 1381 736 vel
1406 701 1508 736 unda
1534 702 1766 746 submergat.

138 754 194 789 Da
212 752 305 788 mihi
320 754 357 787 in
377 750 663 797 perturbatione
687 748 900 791 consilium,
922 748 960 782 in
977 747 1236 793 persecutione
1256 748 1450 791 auxilium,
1474 748 1511 782 in
1528 748 1768 784 tribulatione

137 800 328 841 solatium,
355 799 393 833 in
426 796 651 833 adversitate
683 795 957 838 fortitudinem,
979 795 1018 830 in
1039 794 1141 830 omni
1173 794 1378 830 tentatione
1409 795 1600 829 virtutem.
1633 793 1768 830 Libera

137 856 197 882 me
219 857 240 881 a
260 845 544 890 tempestatibus
580 844 690 889 huJ'us
717 840 913 890 procellosi
936 842 1064 886 maris,
1088 844 1124 877 et
1144 843 1283 886 perduc
1305 852 1365 877 me
1387 842 1435 877 ad
1456 840 1767 887 tranquillitatem

139 893 256 938 quieti
276 893 426 936 littoris,
450 893 543 928 dans
566 891 659 926 mihi
678 900 778 925 nunc
804 898 934 935 pacem
954 888 1132 934 temporis
1153 892 1189 924 et
1211 890 1386 935 pectoris,
1411 891 1447 924 et
1468 892 1552 934 post
1570 888 1640 924 hoc
1660 891 1771 924 aeter-

132 940 272 976 nitatis.
293 940 425 974 Amen.

776 1150 956 1197 CAPUT
999 1152 1121 1198 LXX

310 1275 361 1302 DE
384 1273 519 1304 VERBIS
540 1272 693 1310 DOMINI,
724 1273 898 1301 PROPTER
930 1273 1017 1306 QUAE
1048 1271 1199 1305 QUIDAM
1220 1271 1345 1301 RETRO
1369 1273 1581 1302 ABIERUNT.

780 1373 935 1419 Joannis
956 1382 1037 1418 cap.
1052 1373 1114 1408 vl.

992 1492 1147 1536 propter
1164 1499 1238 1533 me,
1256 1488 1321 1524 sed
1342 1493 1496 1534 propter
1508 1489 1767 1537 resectionem⁷

184 1507 197 1529 1
223 1493 449 1535 Quffinssivnus
468 1502 531 1527 EST
549 1493 658 1528 Jnsrs
683 1501 843 1526 PROPTER
866 1502 918 1525 SE.

992 1547 1039 1572 ne
1053 1547 1117 1581 pro
1138 1536 1236 1571 victu
1258 1540 1429 1578 oporteat
1440 1547 1505 1572 vos
1526 1537 1711 1582 laborare,
1731 1542 1769 1573 et

133 1560 178 1567 —
217 1540 423 1585 Postquam
467 1549 554 1585 ergo
600 1538 781 1573 Dominus
815 1539 921 1573 Jesus

132 1587 413 1623 transfretasset
439 1595 523 1622 cum
546 1585 735 1629 discipulis
755 1595 775 1619 a
798 1585 922 1619 deser-

133 1636 171 1670 to
194 1644 315 1679 usque
345 1634 391 1668 ad
427 1632 676 1675 Genezareth,
705 1633 821 1666 altera
847 1632 919 1672 die,

133 1682 270 1724 turbae,
291 1691 382 1725 quas
399 1682 570 1726 paverat,
588 1690 662 1714 non
686 1678 920 1714 invenientes

134 1738 220 1765 eum
242 1727 280 1762 in
300 1728 384 1763 loco
408 1727 472 1762 ubi
492 1727 563 1762 hoc
585 1726 738 1769 fecerat,
763 1725 922 1760 intrave-

133 1779 226 1811 runt
248 1785 364 1809 naves
395 1772 707 1818 supervenientes
730 1783 751 1807 a
772 1771 921 1807 civitate

133 1821 346 1865 Tiberiade,
378 1831 462 1866 quae
496 1823 552 1855 est
586 1820 693 1865 Juxta
724 1819 822 1853 idem
863 1818 922 1853 de-

133 1874 298 1911 sertum;
338 1870 375 1902 et
408 1866 698 1902 transfretantes
747 1868 923 1900 venerunt

135 1915 410 1961 Gapharnaum‚
459 1916 657 1959 quaerentes
696 1914 829 1948 Jesum.
859 1914 921 1957 Et,

134 1972 215 1998 cum
234 1963 458 1996 invenissent
481 1971 559 1995 eum
579 1963 681 1995 trans
699 1969 802 1994 mare
813 1959 924 1994 mira-

136 2009 276 2046 bantur
301 2008 490 2053 quomodo
517 2007 606 2043 illuc
633 2007 810 2051 venisset,
835 2016 921 2041 cum

134 2055 254 2092 solam
309 2055 522 2090 naviculam
575 2053 768 2097 vidissent,
808 2063 921 2098 quam

137 2113 221 2139 cum
242 2102 435 2147 discipulis
463 2111 540 2137 non
562 2101 786 2144 intraverat;
814 2103 849 2135 et
868 2100 923 2135 di-

134 2152 268 2185 xerunt
285 2150 318 2183 ei
333 2161 343 2184 .·
359 2149 492 2189 Rabbi,
507 2148 654 2194 quando
673 2149 741 2182 huc
757 2148 922 2182 venisti?

137 2196 201 2242 qui
239 2195 378 2231 scilicet
416 2206 486 2231 nec
526 2195 808 2240 discipulorum,
852 2204 921 2229 nec

137 2242 250 2279 aliam
283 2253 417 2278 navem
452 2243 632 2277 intrasti?
652 2241 851 2287 Respondit
871 2242 922 2276 eis

136 2291 256 2330 Jesus,
292 2300 370 2324 non
408 2289 456 2324 ad
491 2289 739 2334 quaestionem
773 2298 920 2331 eorum,

134 2336 199 2373 sed
226 2336 273 2371 ad
295 2335 545 2371 intentionem
573 2347 581 2371 :
604 2336 721 2371 Amen
746 2335 826 2370 dico
862 2345 922 2370 vo-

137 2383 206 2424 bis,
221 2382 309 2417 licet
324 2393 389 2417 vos
404 2384 509 2426 quasi
526 2383 679 2418 devotos
699 2381 920 2426 ostendatis,

135 2432 263 2466 tamen
294 2431 460 2474 quaeritis
484 2432 519 2465 et
540 2430 742 2475 sequimini
762 2440 831 2470 me,
850 2428 921 2464 sci-

135 2476 226 2513 licet
243 2476 359 2521 aliqui
384 2486 427 2511 ex
444 2476 564 2521 vohis,
587 2477 656 2511 etsi
674 2487 750 2512 non
774 2486 920 2521 omnes,

132 2533 207 2560 non
243 2525 334 2568 quia
370 2523 522 2557 vidistis
553 2525 661 2567 siqua
694 2523 828 2568 quibus
861 2533 921 2558 me

135 2580 359 2616 cognoscere
379 2568 569 2615 potuistis,
588 2580 661 2605 non
675 2573 828 2615 propter
842 2580 921 2605 ser-

131 2627 286 2654 monem
323 2627 434 2662 quem
459 2615 628 2661 audistis,
649 2627 726 2652 non
759 2621 800 2652 ut
827 2617 921 2652 mihi

133 2664 193 2701 vel
230 2663 345 2710 signis
377 2662 487 2708 meis,
510 2673 594 2709 quae
632 2662 728 2699 facio
768 2663 920 2699 credere

131 2711 274 2755 velitis;
298 2711 375 2755 sed,
405 2711 494 2756 quia
520 2710 772 2746 manducastis
791 2720 836 2745 θα)
850 2721 920 2756 pa-

132 2758 242 2796 nibus
274 2761 308 2795 et
343 2759 505 2795 saturati
537 2759 623 2794 estis
632 2769 643 2804 3
665 2757 737 2794 hoc
757 2760 825 2804 est,
844 2767 921 2794 non

991 1584 1130 1619 habere
1172 1582 1478 1619 sollicitudinem.
1514 1582 1624 1627 Quasi
1664 1584 1766 1621 dice·

990 1633 1077 1666 ret:
1106 1631 1264 1675 Propter
1299 1640 1453 1666 carnem
1490 1641 1549 1666 me
1583 1631 1766 1676 quaeritiS‚

989 1688 1066 1712 non
1098 1681 1252 1723 propter
1291 1677 1479 1723 spiritum,
1507 1678 1594 1723 quia
1629 1678 1769 1714 scilicet

988 1726 1031 1759 ut
1057 1724 1190 1759 iterum
1217 1723 1461 1768 saturemini;
1489 1724 1554 1760 sed
1580 1724 1768 1761 deberetis

989 1781 1070 1806 esse
1091 1769 1211 1815 magis
1226 1770 1373 1806 solliciti
1400 1771 1443 1806 de
1465 1772 1547 1807 cibo
1568 1771 1768 1818 spirituali,

988 1827 1062 1862 quo
1093 1818 1220 1853 anima
1252 1820 1484 1853 sustentatur
1512 1829 1520 1852 ε
1549 1819 1637 1863 quia
1662 1820 1769 1854 tanto

988 1862 1122 1899 melior
1141 1868 1195 1900 est
1216 1864 1297 1899 cibo
1319 1864 1518 1909 corporali,
1538 1874 1610 1909 quo
1633 1875 1769 1910 corpus

988 1911 1171 1956 reficitur,
1203 1915 1343 1956 quanto
1368 1912 1496 1947 anima
1525 1911 1660 1947 melior
1685 1922 1768 1949 esse

990 1968 1146 2003 corpore
1164 1958 1411 2004 dignoscitur.
1429 1958 1632 1994 Considera
1654 1959 1766 1995 modo

989 2007 1141 2049 quantae
1167 2004 1359 2040 suavitatis
1378 2005 1531 2040 fuerunt
1559 2015 1675 2050 panes
1696 2005 1765 2051 illi,

989 2051 1160 2096 quamvis
1198 2052 1410 2096 hordeacei,
1446 2062 1605 2097 quorum
1637 2051 1768 2088 dulce-

990 2098 1075 2134 dine
1103 2099 1176 2134 illae
1200 2099 1318 2134 turbae
1347 2101 1464 2144 captae
1495 2099 1617 2134 adhuc
1643 2098 1768 2135 Domi-

988 2155 1079 2181 num
1098 2145 1364 2192 sequebantur,
1386 2148 1462 2180 tam
1483 2145 1665 2181 sollicitae.
1689 2147 1765 2182 Nee

988 2192 1140 2236 mirum,
1177 2191 1264 2237 quia
1290 2192 1415 2228 suavis
1454 2194 1490 2227 et
1530 2192 1649 2227 dulcis
1684 2195 1766 2228 erat

987 2238 1159 2285 provisor
1179 2241 1215 2274 et
1244 2239 1479 2286 dispensator
1512 2249 1653 2284 panum
1678 2238 1764 2275 illo-

990 2296 1088 2322 rum.
1115 2284 1295 2322 Similiter
1328 2285 1495 2332 quotidie
1529 2286 1635 2321 multi
1664 2296 1767 2332 quae-

987 2336 1075 2369 runt
1092 2334 1235 2376 Jesum,
1257 2343 1334 2368 non
1356 2336 1510 2379 propter
1529 2334 1679 2378 Jesum3
1698 2333 1764 2369 sed

988 2385 1028 2416 ut
1043 2380 1137 2416 bene
1155 2380 1203 2415 sit
1217 2380 1271 2415 eis
1286 2380 1323 2414 in
1340 2380 1411 2415 hoc
1429 2383 1596 2425 tempore
1620 2383 1656 2415 et
1671 2389 1765 2425 prae-

989 2428 1085 2463 senti
1105 2427 1201 2471 vita3
1229 2429 1270 2462 ut
1293 2431 1542 2472 assequantur
1568 2426 1766 2463 commoda

987 2477 1025 2510 et
1053 2474 1172 2510 vitent
1200 2473 1350 2510 damna.
1374 2473 1477 2510 Multi
1510 2473 1623 2509 etiam
1643 2473 1764 2509 confi-

988 2523 1091 2558 ciunt
1111 2523 1254 2565 Jesum,
1270 2530 1345 2556 non
1369 2524 1521 2567 propter
1537 2522 1662 2556 Jesum
1675 2531 1683 2564 ;
1696 2520 1762 2556 sed

989 2570 1141 2614 propter
1172 2578 1383 2604 nummum.
1406 2568 1473 2604 Hic
1498 2567 1604 2603 laetus
1634 2567 1761 2603 obviat

990 2616 1216 2652 intrantibus
1247 2614 1483 2660 religionem,
1504 2619 1540 2650 et
1570 2623 1760 2649 assumen-

990 2663 1088 2699 tibus
1124 2661 1343 2698 cle1·icatum
1381 2672 1424 2697 ex
1458 2661 1620 2707 ignavia,
1640 2663 1681 2695 ut
1704 2659 1757 2696 sic

991 2710 1110 2746 otiose
1130 2713 1166 2745 et
1184 2709 1263 2745 sine
1293 2708 1423 2744 labore
1443 2717 1579 2753 panem
1605 2706 1759 2742 mandu-

992 2761 1090 2794 cent·
1114 2756 1255 2802 Quibus
1277 2755 1329 2793 ait
1354 2754 1534 2792 Dominus
1556 2769 1565 2792 ι
1586 2754 1756 2798 Quaeritis
