1894 3186
286 207 338 242 DE
377 204 596 240 TRANSITU
637 203 799 237 DOMINI
838 204 891 238 ET
928 201 1270 237 DISCIPULORUM
1307 200 1387 235 PER
1427 201 1547 234 SATA.
1685 197 1741 232 197

109 280 166 313 est
204 288 226 314 a
262 276 388 322 simili,
419 288 461 312 ex
489 277 596 321 parte
637 273 881 319 sumentium,

108 325 196 370 quia
225 324 355 361 similis
390 322 594 360 necessitas
619 322 688 357 suit
720 322 756 357 in
776 321 885 357 disci-

106 372 217 419 pulis,
235 383 318 418 quae
338 371 405 407 suit
425 370 513 406 olim
532 370 571 405 in
586 370 718 413 David,
734 369 882 415 quando

106 420 260 455 comedit
282 423 518 455 consecratos
547 428 661 463 panes
691 418 886 462 propositi-

103 468 196 511 onis,
224 477 311 511 quos
331 477 401 502 non
428 466 559 501 licebat
583 466 616 499 ei
636 465 750 505 estere,
772 474 885 509 neque

105 514 164 549 his
186 516 348 559 quicum
377 524 414 548 eo
443 515 559 548 erant.
584 511 620 547 Si
645 522 734 557 ergo
768 511 885 546 David
921 546 923 551 ,

104 565 315 604 excusatur,
343 560 431 606 quia
464 558 629 595 comedit
651 558 690 593 in
718 558 884 594 necessi-

103 609 194 651 tate,
214 608 313 652 quod
332 607 425 643 alias
445 617 517 643 non
539 606 693 649 liccbat3
712 616 779 651 per
800 616 886 641 con·
921 621 923 634 ι

104 663 266 699 Sequens
292 658 328 690 et
349 653 519 700 discipuli
542 656 780 696 excusantur,
798 652 887 698 quia
922 687 923 694 ,

922 699 923 726 ³
961 698 1225 741 ceremoniale,
1247 707 1351 743 ergo,
1374 699 1477 731 etc...
1501 695 1604 730 Unde
1626 692 1745 745 magis

105 701 312 737 necessitas
334 701 387 737 eis
422 700 656 737 imminebat.
680 721 725 725 -—
747 701 886 736 Secun-

105 747 155 785 da
174 751 230 784 est
246 759 267 784 a
285 748 436 793 minori,
457 759 499 784 ex
516 752 621 794 parte
639 750 886 793 sumptorum,

105 796 194 841 quia
226 796 343 832 David
384 796 423 831 in
464 795 687 831 necessitate
724 794 888 830 comedit

104 847 254 879 sanctos
298 854 414 890 panes
452 842 566 887 licite,
613 842 712 888 quod
752 842 888 877 licebat

104 889 194 925 solis
216 891 493 934 sacerdotibus;
515 900 605 935 ergo
622 889 741 925 multo
764 888 886 934 magis

103 936 277 983 discipuli
309 937 430 984 spicas
457 947 677 973 communes
697 936 885 971 omnibus.

103 984 215 1027 Quasi
242 985 383 1020 diceret
405 996 413 1020 ε
435 984 644 1020 Necessitas
683 983 732 1019 ibi
765 984 886 1028 legem

102 1041 179 1066 non
215 1032 449 1076 habuit,nec
483 1031 543 1066 hic
580 1032 720 1066 babere
759 1031 883 1066 debet.

102 1078 307 1115 Necessitas
328 1080 428 1115 enim
453 1078 540 1114 facit
564 1077 705 1123 aliquid
726 1077 885 1122 licitum,

102 1127 203 1171 quod
238 1126 330 1162 alias
366 1129 465 1162 esset
495 1125 688 1167 illicitum;
722 1128 760 1160 et
784 1124 884 1169 ideo,

101 1172 296 1218 discipulis
321 1172 590 1216 esurientibus,
614 1172 714 1217 quod
741 1171 885 1207 licitum

100 1229 176 1255 non
198 1223 278 1256 erat
299 1220 338 1255 in
358 1222 467 1265 Lege,
494 1220 634 1255 sactum
661 1222 717 1254 est
741 1218 885 1254 licitum

99 1266 210 1302 samis
240 1267 484 1309 necessitate;
515 1266 567 1301 sic
594 1265 720 1309 hodie,
743 1265 774 1301 si
802 1265 886 1311 quis

102 1324 203 1359 aeger
241 1313 427 1361 jejunium
466 1312 647 1359 fregerit,
684 1323 769 1348 reus
809 1323 886 1348 non

100 1361 277 1398 habetur.
324 1362 415 1398 Cum
457 1371 546 1406 ergo
596 1359 776 1395 Pharisaei
821 1360 886 1396 illa

101 1408 248 1454 legunt,
293 1409 446 1444 laudant
491 1407 792 1443 misericordiam
827 1407 884 1442 fa-

102 1458 201 1491 ctam
239 1455 279 1491 in
317 1455 435 1491 David
466 1459 504 1491 et
536 1454 635 1498 suis;
668 1457 705 1490 et
735 1454 884 1500 quando

101 1502 175 1538 ista
200 1502 341 1548 vident,
370 1502 650 1548 reprehendunt
676 1504 886 1547 transgres-

105 1549 251 1585 sionem
274 1549 314 1585 in
341 1549 548 1595 discipulis,
566 1560 609 1584 ex
634 1559 706 1594 quo
729 1551 886 1594 apparet

103 1597 206 1642 quod
229 1608 306 1632 non
328 1596 435 1642 Legis
452 1595 631 1642 inJ'uriam
663 1595 882 1639 defendunt,

101 1644 170 1680 sed
188 1654 293 1679 suam
309 1643 488 1679 malitiam
506 1643 723 1679 ostendunt.
738 1663 783 1668 —-
801 1644 886 1678 Ter-

100 1690 156 1727 tia
174 1691 271 1727 ratio
291 1695 346 1727 est
366 1690 547 1737 amajori,
569 1692 657 1735 quia
683 1690 885 1725 sacerdotes

103 1748 265 1784 quorum
291 1738 448 1774 interest
467 1737 627 1773 maxime
649 1737 883 1773 ceremonias

103 1785 212 1831 Legis
251 1786 472 1829 observare,
513 1786 654 1820 violant
689 1785 884 1820 sabbatum

101 1833 344 1878 quandoque,
373 1836 405 1868 et
432 1834 510 1867 sine
537 1833 687 1867 crimine
708 1834 815 1873 sunt;
844 1834 884 1867 ut

101 1880 191 1916 dum
211 1880 250 1915 in
273 1880 413 1925 templo
437 1889 551 1925 opera
572 1879 762 1915 manualia
783 1878 884 1915 circa

102 1926 288 1963 sacrificia
301 1927 455 1970 faciunt,
468 1926 646 1962 animalia
660 1926 882 1971 occidendo,

103 1974 343 2018 excoriando,
368 1973 511 2009 hostias
543 1974 701 2008 lavando
719 2001 728 2017 ,
750 1984 883 2009 carnes

103 2021 298 2067 coquendo
316 2050 325 2065 ‚
364 2023 401 2056 et
439 2019 648 2056 consimilia
688 2019 880 2064 faciendo;

101 2069 161 2104 vel
185 2069 298 2104 etiam
322 2068 412 2104 dum
437 2078 576 2114 pueros
597 2066 880 2103 circumcidunt.

100 2115 198 2161 Ergo
219 2115 335 2150 multo
356 2115 439 2161 plus
456 2113 640 2160 discipuli,
664 2114 726 2159 qui
746 2114 883 2150 nullius

101 2161 141 2198 in
159 2164 230 2198 hoc
249 2162 342 2208 legis
360 2165 460 2207 sunt,
485 2162 543 2198 vel
564 2161 722 2206 ordinis,
746 2162 883 2197 vellen-

103 2211 161 2245 tes
187 2209 307 2256 spicas
332 2209 371 2245 in
400 2209 460 2245 die
496 2208 657 2253 sabbati,
685 2212 723 2245 et
757 2219 882 2245 come-

102 2256 249 2300 dentes,
270 2258 349 2292 sine
367 2256 524 2292 crimine
546 2259 645 2292 sunt.

148 2307 170 2340 5
200 2305 361 2340 ExcusAT
387 2315 452 2339 eos
480 2315 638 2339 SECUNDO
664 2315 883 2339 SEMETIPSUM

102 2362 248 2404 ξΑΒΒΑΤΙ
276 2352 444 2387 ΒΟΜΙΝΗΜ
475 2362 718 2387 PRAEDICANDO.
746 2372 783 2376 —
809 2352 881 2386 De-

100 2398 204 2451 inde,
230 2401 315 2444 post
342 2398 586 2434 auctoritates
618 2398 774 2443 alienas,
808 2400 882 2433 Do-

101 2455 229 2497 mlnus
248 2445 407 2481 convicit
427 2445 637 2482 Pharisaeos
658 2444 882 2482 auctoritate

101 2501 269 2544 propria,
280 2495 317 2527 et
334 2492 455 2538 primo
466 2504 531 2537 per
552 2493 799 2529 assertionem
822 2503 881 2528 ve-

102 2540 238 2584 rnaus,
276 2542 313 2574 et
342 2545 398 2575 est
429 2539 525 2576 ratio
547 2540 633 2576 talis
655 2552 663 2575 :
687 2539 881 2575 Potentius

100 2588 161 2623 est
170 2586 353 2632 templum
373 2586 566 2633 spirituale
581 2598 692 2633 quam
709 2586 880 2633 figurale,

106 2632 173 2669 sed
192 2633 350 2678 figurale
381 2633 501 2680 potuit
527 2635 732 2675 defendere
756 2644 880 2670 sacer-

107 2678 215 2715 dotes
264 2680 334 2716 sibi
373 2682 594 2726 servientes,
633 2692 722 2728 ergo
765 2680 881 2716 multo

106 2725 199 2779 plus·
225 2726 431 2774 spirituale,
469 2729 569 2774 quod
602 2732 658 2765 est
697 2727 879 2772 Christus,

107 2772 310 2826 disclpulos
346 2774 415 2811 sihi
457 2776 679 2820 credentes;
719 2776 765 2811 de
807 2785 880 2821 quo

104 2821 246 2867 templo
267 2820 356 2857 dicit
377 2833 385 2858 z
403 2823 540 2859 Solvite
556 2825 728 2870 templum
737 2824 801 2858 hoe
803 2849 877 2864 .....

959 274 1047 319 quia
1087 272 1206 317 major
1244 271 1375 316 templo
1417 273 1469 306 esc
1495 272 1565 310 hic,
1599 267 1741 305 scilicet

959 320 1142 364 Christus,
1174 319 1262 364 quia
1296 323 1352 354 est
1378 318 1503 363 templi
1544 316 1739 353 Dominus.

959 387 1004 393 —
1026 367 1198 403 Secunda
1215 365 1310 401 rati0
1331 368 1399 408 est,
1429 365 1465 399 in
1489 376 1561 410 qua
1584 362 1742 399 convicit

960 425 1025 451 eos
1041 425 1109 460 per
1129 414 1305 449 affectum
1322 412 1484 458 pietatis,
1503 415 1537 447 et
1557 414 1613 447 est
1627 411 1738 446 talis:

961 462 1080 508 Magis
1098 462 1176 497 vult
1196 460 1375 496 Dominus
1396 459 1571 495 affectum
1594 456 1739 493 miseri-

960 509 1099 546 cordia}
1128 513 1165 544 et
1184 507 1348 554 pietatis,
1374 517 1486 552 quam
1508 504 1740 542 ceremonias

959 556 1097 593 veteris
1119 555 1244 600 Legis3
1269 555 1334 590 sed
1362 565 1517 600 pascere
1539 552 1746 588 esurientes

960 608 1017 640 est
1041 615 1134 650 opus
1167 601 1449 645 misericordiae,
1478 604 1514 636 et
1542 601 1747 635 observare

959 653 1170 694 sabbatum,
1208 650 1265 685 vel
1304 648 1475 684 victimas
1511 648 1663 690 offerre,
1690 649 1748 681 est

960 746 1039 782 vult
1066 748 1163 781 Deus
1202 742 1516 786 misericordiam,
1545 752 1618 787 qua
1661 750 1745 785 quls

961 792 1133 829 subvenit
1176 791 1298 835 alteri,
1340 790 1397 826 vel
1437 789 1507 825 sibi
1546 786 1744 832 indigenti,

962 851 1076 886 quam
1110 839 1352 883 sacrificium,
1375 844 1413 873 et
1446 847 1562 881 opera
1597 833 1741 870 miseri-

962 887 1100 923 cordiae
1119 890 1204 923 sunt
1222 885 1342 932 magis
1358 887 1510 930 accepta
1527 885 1615 925 Deo,
1629 891 1743 928 quarn

961 934 1146 978 victimfe3
1176 933 1299 969 hostia
1319 933 1420 968 enim
1451 933 1525 966 Deo
1547 927 1743 975 placabilis

921 991 923 1003 ³
961 985 1018 1018 est
1053 982 1153 1017 salus
1187 980 1395 1016 hominum.
1419 999 1460 1005 —
1488 979 1613 1013 Tertia
1644 974 1741 1012 ratio

962 1032 1031 1072 est,
1055 1029 1094 1064 in
1116 1039 1190 1075 qua
1211 1026 1371 1063 convicit
1393 1036 1455 1061 eos
1482 1035 1548 1071 per
1569 1035 1646 1059 suae
1666 1033 1743 1069 po-

960 1075 1108 1112 testatis
1145 1074 1416 1117 ostensionem,
1450 1075 1487 1108 et
1523 1075 1580 1106 est
1613 1070 1699 1106 talis
1732 1081 1741 1106 :

961 1122 1144 1159 Dominus
1169 1125 1290 1167 potest
1316 1120 1519 1166 disponere
1541 1118 1577 1153 in
1603 1118 1660 1152 his
1680 1128 1744 1153 re-

960 1171 1029 1206 bus
1046 1171 1180 1216 quibus
1199 1167 1366 1204 totaliter
1380 1169 1534 1212 praeest,
1559 1165 1624 1200 sed
1640 1163 1748 1200 Chri-

960 1220 1039 1253 stus
1060 1220 1198 1262 praeest
1222 1214 1390 1251 totaliter
1417 1216 1453 1249 et
1479 1212 1687 1258 discipulis,
1709 1215 1747 1247 et

961 1265 1132 1307 sabbato,
1152 1273 1241 1308 ergo
1273 1265 1396 1308 potest
1420 1260 1641 1305 dispensare
1662 1268 1748 1294 cum

960 1311 1156 1357 discipulis
1186 1311 1232 1346 de
1260 1319 1373 1355 opere
1398 1308 1434 1343 in
1460 1308 1616 1343 sabbato
1641 1317 1648 1341 :
1671 1307 1746 1342 Do-

960 1358 1087 1394 minus
1117 1357 1258 1393 etenim
1291 1355 1378 1392 fecit
1416 1356 1618 1390 sabbatum
1653 1363 1748 1399 pro-

959 1409 1044 1452 pter
1064 1405 1270 1448 hominem,
1295 1406 1336 1439 ut
1371 1402 1411 1438 in
1446 1413 1490 1438 eo
1525 1402 1639 1437 homo
1670 1400 1748 1446 qui-

960 1456 1064 1489 escat
1091 1456 1127 1488 et
1154 1454 1229 1488 Deo
1265 1453 1391 1494 vacet3
1425 1450 1491 1485 sed
1518 1460 1594 1484 non
1620 1447 1744 1483 homi-

961 1511 1049 1535 nem
1073 1502 1228 1545 propter
1253 1498 1468 1540 sabbatum,
1499 1499 1537 1531 et
1563 1495 1615 1530 ita
1637 1506 1644 1529 :
1674 1497 1743 1530 Do-

960 1549 1081 1582 minus
1101 1550 1153 1581 est
1179 1547 1289 1581 etiam
1309 1543 1469 1579 sabbati.
1490 1544 1534 1578 Et
1561 1542 1660 1586 ideo,
1685 1552 1742 1577 se-

960 1594 1127 1629 cundum
1166 1593 1427 1632 Ambrosium,
1475 1589 1572 1625 sicut
1618 1588 1746 1635 posuit

961 1642 1173 1685 sabbatum,
1192 1639 1245 1675 ita
1259 1641 1382 1684 potest
1401 1637 1515 1673 etiam
1530 1637 1742 1672 destruere.

960 1688 1053 1731 Quia
1081 1698 1170 1733 ergo
1198 1687 1399 1723 sabbatum
1432 1688 1587 1730 propter
1620 1682 1748 1718 homi-

958 1746 1046 1771 nem
1086 1734 1187 1778 fecit,
1216 1736 1254 1769 et
1284 1734 1457 1768 Dominus
1499 1731 1645 1766 sabbati
1678 1733 1744 1772 est,

959 1782 1080 1827 magis
1116 1791 1245 1817 curam
1279 1778 1452 1815 adhiberi
1483 1777 1600 1813 voluit
1633 1776 1746 1813 saluti

958 1829 1170 1872 hominum,
1206 1837 1321 1873 quam
1355 1825 1536 1861 custodiae
1578 1823 1742 1870 sabbati,

957 1875 1212 1923 permittendo
1228 1873 1433 1919 discipulos
1447 1872 1569 1918 spicas
1584 1872 1739 1916 vellere,

958 1927 994 1960 et
1026 1924 1164 1960 famem
1198 1921 1395 1968 repellere.
1418 1920 1589 1955 Christus
1610 1918 1740 1964 itaque

957 1982 1033 2007 non
1070 1972 1200 2007 subest
1231 1967 1487 2005 observationi
1519 1966 1648 2012 Legis,
1672 1965 1740 2002 sed

956 2021 1107 2064 praeest,
1148 2021 1185 2053 et
1223 2026 1307 2052 eam
1338 2017 1484 2050 mutare
1525 2016 1668 2060 potest3
1703 2016 1740 2049 et

956 2065 1041 2101 ideo
1067 2076 1143 2100 non
1163 2066 1304 2110 peccat,
1327 2061 1390 2107 qui
1413 2061 1619 2097 secundum
1641 2059 1743 2096 ordi-

955 2112 1150 2148 nationem
1177 2112 1257 2157 eJ'us
1277 2110 1464 2145 observat.
1486 2108 1591 2151 Quod
1616 2111 1742 2143 autem

956 2159 1094 2195 dicitur
1107 2159 1153 2194 de
1164 2169 1221 2202 eo,
1237 2159 1363 2201 factus
1374 2157 1440 2191 sub
1453 2157 1541 2199 leqe,
1557 2154 1740 2201 subjectio

955 2206 1020 2242 illa
1042 2209 1123 2243 erat
1143 2203 1361 2247 voluntatis,
1384 2213 1461 2238 non
1484 2200 1739 2246 necessitatis;

955 2253 1040 2289 ideo
1068 2253 1293 2298 quandoque
1325 2261 1366 2286 se
1389 2249 1563 2296 subiecit,
1582 2252 1738 2295 propter

955 2301 1221 2343 humilitatem,
1240 2297 1468 2344 quandoque
1488 2308 1526 2332 se
1540 2296 1740 2342 praefuisse

956 2347 1136 2392 ostendit,
1164 2350 1319 2393 propter
1357 2344 1634 2381 auctoritatem.
1669 2342 1740 2380 Ubi

956 2397 1230 2440 chrysostomus
1252 2403 1259 2427 :
1281 2405 1298 2426 «
1321 2393 1529 2428 Sabbatum
1558 2402 1634 2427 non
1649 2401 1738 2437 pro-

954 2446 1038 2489 pter
1059 2441 1177 2478 otium
1198 2441 1338 2476 factum
1364 2442 1434 2483 est,
1458 2443 1498 2475 ut
1517 2437 1672 2474 omnino
1698 2437 1741 2473 in

955 2489 1015 2526 die
1048 2487 1195 2525 sabbati
1229 2491 1390 2531 vacent;
1413 2487 1479 2521 sed
1508 2490 1549 2522 ut
1577 2485 1742 2521 otiantes

955 2536 1186 2573 meditentur
1212 2536 1329 2571 Deum
1365 2543 1474 2569 suum
1508 2544 1590 2569 esse
1627 2533 1743 2568 facto-

953 2595 1048 2627 rem,
1071 2587 1107 2620 et
1124 2594 1192 2630 per
1209 2581 1434 2625 vacantiam,
1458 2580 1524 2616 Dei
1543 2590 1660 2626 opera
1677 2589 1742 2614 re·

953 2632 1181 2675 cordentur3
1223 2632 1264 2666 ut
1297 2629 1388 2665 dum
1419 2627 1601 2664 vacantiae
1637 2625 1738 2661 illius

953 2678 1050 2715 ratio
1083 2677 1280 2724 quaeritur,
1312 2677 1409 2711 Deus
1448 2685 1574 2711 rerum
1613 2672 1737 2719 opifex

953 2726 1244 2762 demonstretur.
1266 2725 1347 2769 Ipse
1366 2724 1465 2758 enim
1484 2724 1619 2767 Legem
1640 2720 1734 2755 dans

954 2773 1101 2809 sabbati
1123 2771 1245 2809 :Nihil
1267 2769 1425 2815 facietis,
1448 2769 1514 2813 ait,
1534 2770 1674 2814 praeter
1688 2775 1734 2803 ea

953 2831 1036 2868 quae
1062 2819 1174 2857 faciet
1194 2819 1340 2862 anima;
1362 2817 1433 2853 hoc
1460 2819 1517 2852 est
1540 2814 1643 2852 enim
1674 2813 1731 2850 fe-
