1894 3186
124 213 165 246 32
641 214 788 251 PRIMAE
824 217 985 254 PARTIS
1024 219 1160 254 CAPUT
1197 220 1235 254 L.

124 289 199 325 bet.
224 289 383 324 Possunt
408 292 533 326 autem
561 289 622 325 hic
657 289 780 324 notari
813 289 898 333 tria,

120 335 286 371 scilicet:
307 337 514 381 peccatoris
529 336 735 382 periculum
755 336 793 371 in
809 336 899 380 filia,

120 382 159 418 id
196 385 249 417 est
283 383 409 421 anima
445 385 651 429 moriente3
686 384 901 429 poenitentis

117 429 329 466 remedium
361 431 398 468 in
421 431 602 478 principe,
628 431 665 466 id
691 434 745 466 est
769 431 805 466 in
829 432 898 466 Ec-

120 477 231 518 clesia
248 479 364 514 Deum
379 483 535 524 rogante
550 491 557 523 ;
579 478 765 515 Creatoris
785 479 899 514 bene-

118 529 259 571 ficium,
282 526 320 560 in
352 527 498 563 Christo
532 527 771 572 propitiante.
793 526 896 561 Peri-

118 576 244 613 culum
279 573 330 608 sic
361 574 557 620 procedit:
582 584 669 609 nam
692 574 803 608 morti
831 583 898 618 ap-

118 626 357 673 propinquat,
379 638 463 663 cum
485 621 702 663 delectabile
727 620 897 656 illicitum

117 674 300 719 concipit3
322 675 357 709 in
379 675 553 710 extremis
574 671 731 713 laborat,
749 678 831 703 cum
852 667 898 702 ad

115 729 336 757 consensum
351 723 520 767 accedit;
540 719 605 757 sed
625 718 796 760 moritur,
814 725 897 750 cum

115 769 312 812 consentit,
352 773 387 804 et
433 773 522 804 tunc
558 775 671 812 opera
711 768 898 814 suntmor-

114 813 268 851 tificata.
315 817 536 852 Remedium
575 822 665 849 vero
700 812 895 860 sluaerltfflJ,

114 871 198 897 cum
230 863 403 907 princeps
442 864 489 898 ad
528 862 716 898 Christum
754 855 900 911 accedit

114 909 315 952 credendo,
334 911 466 945 adorat
485 907 686 957 diligendo,
699 905 897 940 Dominum

111 955 273 1000 appellat
287 956 897 993 metuendo.Benefi01umtandem

112 1003 234 1046 datur,
258 1013 342 1038 cum
364 1004 533 1038 Christus
559 1000 680 1049 surgit
700 1014 829 1048 preces
841 1009 899 1033 ex-

110 1049 311 1095 audiendo,
342 1051 492 1086 turham
518 1051 619 1095 ejicit
651 1053 802 1096 peccata
833 1060 894 1085 cx-

111 1096 301 1142 pellendo,
324 1098 379 1132 vel
395 1097 638 1143 impedientia
652 1097 893 1137 removendo,

110 1143 262 1179 domum
304 1145 420 1180 intrat
454 1145 613 1189 gratiam
646 1144 893 1186 infundendo,

108 1190 212 1234 prius
232 1191 331 1226 enim
353 1191 501 1238 ejicitur
519 1191 681 1237 culpa‚et
701 1192 753 1227 sic
776 1192 894 1237 ingre-

109 1237 209 1272 ditur
228 1239 360 1283 gratia.

158 1298 194 1319 11
215 1285 291 1327 Qco
313 1297 422 1321 seusu
440 1297 615 1322 mineum
630 1296 811 1322 ruunt-lani
832 1297 893 1320 VE-

105 1342 231 1366 TUERIT
264 1334 424 1369 Domus
440 1332 458 1370 '?
477 1355 521 1359 -—
555 1335 597 1368 Et
619 1334 663 1368 ad
692 1334 884 1368 insinuan-

106 1378 193 1413 dum
231 1380 494 1424 humilitatem,
532 1381 666 1416 docens
709 1380 890 1415 Dominus

103 1424 211 1462 Jesus
233 1427 360 1472 sugere
374 1429 662 1463 ostentationem
680 1432 716 1462 ct
734 1428 884 1462 inanem

103 1472 277 1517 gloriam,
303 1477 476 1520 praecepit
495 1475 727 1520 parentibus,
751 1485 794 1509 ne
811 1475 883 1509 ali-

103 1521 163 1553 cui
182 1520 341 1555 dicerent
362 1522 457 1566 quod
474 1524 614 1565 factum
636 1525 738 1565 erat3
759 1525 882 1556 osten-

104 1566 209 1611 dens,
225 1571 263 1602 ut
282 1568 588 1615 dicitGreqorius,
605 1570 704 1615 quod
723 1569 883 1615 largitor

975 290 1162 326 bonorum
1206 294 1273 336 est,
1314 301 1390 327 non
1436 295 1562 328 autern
1600 295 1754 341 cupidus

973 336 1117 381 gloriae,
1140 338 1278 383 datque
1300 341 1434 384 totum,
1450 339 1543 375 nihil
1556 342 1754 387 recipiens.

970 386 1017 419 Et
1034 387 1161 420 tamen
1181 387 1297 421 eoeivz't
1326 387 1430 429 fama
1449 387 1520 422 haeo
1541 388 1580 423 in
1610 391 1754 425 univer-

970 441 1048 466 sam
1080 435 1213 468 terram
1233 434 1351 473 illam,
1389 433 1529 470 scilicet
1551 437 1751 479 provinciae

971 478 1148 524 Galilaeae,
1170 480 1216 515 ad
1243 479 1553 516 manifestandam
1578 483 1750 520 miraculi

974 526 1271 571 magnitudinem
1306 531 1343 563 et
1384 528 1577 564 veritatem
1604 530 1755 576 ubique.

968 574 1322 620 Prohibuitquidem
1337 575 1754 623 Dominusjactantiam,

971 632 1047 656 non
1084 622 1252 657 miraculi
1294 621 1752 670 manifestationem,quia

970 678 1030 703 res
1058 669 1138 713 ipsa
1157 679 1195 704 se
1217 667 1419 712 indicabat,
1445 674 1480 704 et
1511 670 1747 708 manifestam

973 715 1146 752 faciebat.
1181 716 1233 751 Ac
1253 716 1281 750 si
1312 716 1453 751 diceret
1478 728 1485 753 :
1515 718 1634 753 Nolite
1670 719 1751 764 glo-

971 762 1062 798 riari
1087 763 1124 798 in
1148 763 1255 798 bonis
1288 763 1461 809 operibus
1481 765 1624 806 vestris,
1657 766 1752 801 sicut

974 821 1042 845 nec
1075 821 1143 855 ego
1178 810 1215 845 in
1237 810 1301 846 eis.
1326 811 1395 846 Ubi
1427 811 1631 857 sciendum,
1651 813 1751 858 quod

973 857 1142 893 Christus
1178 857 1360 902 publicari
1400 858 1591 905 prohibuit
1637 871 1752 906 opera

973 905 1241 940 miraculorum
1257 916 1393 950 proper
1412 907 1539 942 mundi
1553 907 1748 950 honorem,

973 956 1008 987 et
1029 952 1157 987 laudes
1184 952 1392 996 hominum,
1422 964 1485 989 seu
1507 964 1642 989 vanam
1672 955 1749 1000 glo-

971 998 1089 1042 riam;
1137 999 1201 1033 sed
1239 1009 1313 1034 non
1365 1001 1410 1035 ad
1460 1000 1747 1046 glorificandum

972 1047 1102 1090 Deum,
1123 1046 1226 1082 etad
1257 1046 1369 1082 fidem
1392 1048 1639 1093 probandam,
1668 1060 1751 1094 pro-

968 1098 1052 1138 pter
1077 1103 1159 1139 quae
1181 1095 1360 1130 Dominus
1377 1094 1555 1130 miracula
1575 1095 1747 1140 faciebat,

969 1151 1043 1175 non
1064 1141 1256 1186 prohibuit
1281 1152 1470 1177 enarrare.
1497 1143 1599 1178 Unde
1622 1146 1659 1178 et
1682 1154 1746 1188 pa-

968 1191 1091 1223 rentes
1110 1189 1242 1234 puellae
1258 1193 1486 1234 praeceptum
1504 1191 1651 1225 Domini
1670 1201 1747 1226 ser-

966 1239 1161 1279 vaverunt,
1189 1240 1341 1281 propter
1358 1236 1563 1272 humanum
1590 1238 1742 1283 applau-

965 1293 1059 1326 sum,
1101 1284 1220 1328 ipsum
1259 1284 1479 1318 miraculum
1508 1294 1581 1318 non
1616 1285 1741 1330 publi-

964 1331 1101 1374 cando;
1158 1341 1227 1365 nec
1272 1334 1402 1365 contra
1450 1331 1741 1375 prohibitionem

963 1378 1028 1412 Dei
1071 1377 1253 1417 fecerunt,
1289 1378 1359 1412 hoc
1396 1378 1442 1412 ad
1481 1377 1546 1412 Dei
1576 1379 1735 1424 gloriam

960 1425 1214 1470 praedicando.
1234 1426 1278 1460 Et
1289 1424 1458 1459 similiter
1478 1425 1645 1460 fecerunt
1664 1425 1736 1461 duo

961 1482 983 1508 a
1002 1472 1167 1508 caecitate
1180 1472 1312 1517 curati,
1332 1472 1375 1506 dc
1396 1472 1528 1516 quibus
1545 1482 1628 1507 mox
1647 1472 1731 1507 sub-

955 1518 1143 1565 Jungitur,
1164 1523 1200 1554 et
1217 1519 1341 1564 plures
1360 1518 1436 1563 alii,
1450 1519 1495 1555 de
1515 1519 1649 1565 quidus
1670 1519 1741 1555 ali-

959 1568 996 1602 bi
1014 1567 1134 1603 simile
1154 1567 1352 1613 reperitur.

837 1692 1007 1729 ORATIO

152 1803 310 1838 Domine
337 1804 424 1840 Jesu
445 1803 603 1848 Christe,
629 1804 744 1839 adoro
768 1805 879 1850 pedes
904 1803 1170 1840 misericordiae
1187 1808 1223 1839 et
1242 1803 1410 1839 veritatis
1430 1807 1527 1840 tuae:
1552 1805 1732 1850 deprecor

101 1852 138 1885 te
155 1849 334 1894 piissime,
354 1861 447 1886 sana
471 1855 572 1886 tactu
606 1850 735 1897 gratiae
759 1854 833 1887 tuae
860 1852 1023 1887 animam
1045 1861 1167 1887 meam
1189 1851 1528 1897 sanguinolentam,
1550 1856 1585 1887 et
1606 1862 1732 1896 pecca-

101 1895 150 1931 tis
170 1897 281 1931 variis
303 1898 540 1934 maculatam.
563 1899 754 1933 Resuscita
776 1909 857 1934 eam
879 1909 900 1934 a
928 1902 1047 1933 morte
1071 1899 1282 1941 voluntatis,
1310 1899 1564 1943 propositique
1586 1898 1731 1943 pessimi

102 1946 140 1978 et
158 1943 310 1988 occulti,
331 1954 373 1979 ac
394 1945 545 1980 restitue
567 1956 625 1980 me
644 1946 717 1980 Deo
734 1950 770 1981 et
791 1946 890 1981 Patri
913 1949 990 1990 tuo,
1012 1945 1069 1981 cui
1091 1955 1149 1980 me
1170 1946 1289 1981 filium
1308 1946 1404 1980 inter
1427 1946 1629 1980 coheredes
1649 1950 1733 1981 tuos

104 1990 304 2035 adoptasti.
329 1993 379 2026 Ne
401 1992 629 2035 memineris,
660 1993 755 2027 bonc
789 1992 960 2038 Domine,
985 1993 1137 2038 justiti-re
1169 1997 1257 2037 tuae,
1289 1992 1464 2028 adversus
1498 1996 1734 2037 peccatorem

102 2040 224 2081 tuum;
244 2048 367 2083 neque
391 2039 454 2074 irae
470 2039 649 2074 adversus
663 2050 768 2074 reum
789 2044 914 2083 tuum;
940 2041 1003 2075 sed
1024 2050 1167 2075 memor
1187 2044 1264 2076 esto
1287 2039 1528 2085 benignitatis
1553 2042 1626 2075 tuae
1643 2050 1733 2086 erga

103 2088 315 2120 creaturam
335 2089 455 2131 tuam,
472 2090 509 2121 et
530 2085 776 2122 miserationis
796 2090 869 2122 tuae
889 2097 978 2132 erga
998 2087 1174 2123 miserum
1194 2091 1312 2131 tuum,
1332 2085 1488 2121 Domine
1503 2087 1598 2121 Deus
1616 2096 1735 2123 meus.

99 2131 233 2167 Amen.

796 2340 975 2388 CAPUT
1009 2343 1042 2387 L

561 2485 610 2513 DE
639 2485 792 2515 DUOBUS
821 2487 937 2516 CAECIS
967 2487 1018 2516 ΕΤ
1046 2486 1125 2516 UNO
1147 2485 1272 2515 MU'ro.

736 2598 900 2635 Matthaei
920 2608 1002 2645 cap.
1022 2599 1081 2635 IX.

947 2715 1147 2752 ricordiam
1175 2725 1258 2751 cum
1277 2714 1438 2752 clamore
1455 2715 1494 2752 in
1513 2716 1573 2751 via
1596 2719 1724 2761 peten-

946 2767 1015 2807 tes,
1028 2766 1064 2798 et
1082 2763 1214 2798 devota
1227 2762 1394 2799 oratione
1413 2763 1593 2799 dicentes.-
1610 2765 1724 2800 Mise-

945 2820 1023 2845 rere
1051 2810 1180 2851 nostri,
1200 2810 1256 2854 fili
1274 2810 1408 2846 David.
1429 2810 1588 2856 Vulgata
1619 2811 1718 2846 enim

148 2725 161 2747 1
186 2711 262 2748 Duo
290 2723 372 2748 CAECI
393 2721 591 2751 cunAuruR.
614 2731 657 2740 —
682 2715 730 2750 Et
753 2718 875 2751 trans-

95 2760 292 2795 euntez'nde
303 2761 400 2804 Jesu,
416 2760 557 2797 scilicet
577 2760 622 2796 de
638 2760 749 2797 domo
769 2763 871 2808 prin-

95 2805 199 2851 cipis,
227 2808 340 2843 secuti
360 2809 445 2843 sunt
465 2817 543 2844 eum
560 2807 631 2844 duo
651 2810 746 2853 caeoi,
768 2809 872 2846 mise-
