1894 3186
691 112 744 146 1)ss
785 113 977 148 PASTORE
1016 112 1170 146 OVlUlll.
1695 113 1754 146 303

119 184 323 231 descriptio
349 182 439 219 boni
466 182 628 228 pastoris
659 185 696 217 et
728 182 892 227 signum,

120 233 228 269 valde
247 231 455 267 timendum
479 232 533 265 est
553 229 599 264 de
619 229 807 275 paucitate
830 232 894 266 bo-

118 290 254 317 norum
285 281 490 325 pastorum.
521 276 629 312 Cadit
651 278 748 313 enim
777 278 897 314 bestia

116 327 291 374 proximi,
313 329 349 361 et
368 324 472 361 multi
496 334 577 360 eain
600 324 818 369 sublevati&
839 336 897 362 ra-

116 374 171 411 dit
197 374 325 410 anima
347 372 452 419 Justi,
475 375 511 407 ct
538 382 614 407 nou
635 376 686 407 est
714 384 755 408 cx
777 373 897 408 omni-

115 423 187 459 bus
219 421 316 457 caris
339 421 417 466 eJ'us
439 420 501 465 qui
524 430 606 455 eam
638 420 792 461 relevet,
814 431 897 456 cum

114 472 243 506 tamen
261 467 418 514 quilibet
439 468 524 512 plus
545 470 719 503 teneatur
740 468 897 513 diligere

116 517 287 554 animam
313 514 487 561 proximi,
515 525 628 560 quam
653 526 788 561 corpus
809 526 897 561 pro-

114 564 254 611 prium.
278 563 350 599 Sed
371 563 561 608 quomodo
595 573 660 608 pro
689 573 732 598 ea
765 574 898 608 corpus

114 622 242 648 meum
264 620 418 657 ponam,
440 609 503 655 qui
525 620 593 645 nec
615 620 694 645 rem
711 613 900 656 tempora-

115 659 190 695 lem
217 659 307 694 dare
326 657 424 702 volo,
446 660 488 693 ut
508 667 590 693 eam
609 668 629 692 a
650 661 802 703 peceato
824 658 899 694 eri-

115 706 245 752 piam?
266 708 310 741 Et
330 707 421 741 nota
445 705 545 750 quod
573 705 669 740 mori
698 716 762 751 pro
785 716 898 752 grege

117 753 314 790 Dominico
333 755 457 799 potest
479 763 560 788 esse
581 751 780 798 ti=ipli‹·ite1=
802 766 811 788 :
833 756 898 790 aut

116 813 184 847 pro
206 801 287 846 ipso
301 801 346 836 de
362 801 461 836 bono
476 799 512 835 in
528 799 661 836 melius
677 811 897 846 promoven-

116 849 178 890 do,
203 852 239 884 et
260 849 311 884 sic
327 851 383 884 est
402 847 762 893 supererogationis,
779 859 896 894 quan-

114 899 195 933 tum
210 896 256 932 ad
278 906 408 931 omnes
424 895 613 940 praelatos,
631 895 695 931 sed
716 897 763 931 ad
784 907 899 941 opera

117 942 465 990 supererogationis
495 943 615 978 nullus
640 946 801 987 tenetur,
826 943 897 979 nisi

116 995 203 1027 voto
233 1002 273 1026 se
300 990 537 1034 astrinxerit3
567 993 631 1026 aut
655 1001 722 1036 pro
745 990 825 1036 ipso
851 992 897 1027 ab

115 1038 340 1075 imminente
360 1037 527 1083 periculo
556 1038 765 1081 liberando,
787 1041 821 1074 et
845 1038 896 1074 sic

113 1088 269 1122 tenetur
296 1085 450 1131 quilibet
484 1086 676 1131 praelatus,
699 1086 789 1130 quia
818 1097 896 1121 sus-

115 1133 205 1180 cipit
240 1143 368 1169 curam
400 1132 585 1168 Dominici
613 1133 754 1178 gregis,
779 1136 815 1169 et
851 1134 897 1169 de

115 1192 228 1217 manu
252 1181 334 1226 ejus
356 1180 570 1225 requiretur
589 1180 784 1226 sanguinis
803 1192 810 1223 3
833 1184 896 1216 aut

114 1239 182 1275 pro
201 1228 283 1274 ipso
299 1227 336 1263 ln
356 1231 522 1263 extremo
543 1226 701 1263 articulo
729 1228 894 1263 necessi-

114 1275 199 1311 tatis
221 1275 421 1317 consituto,
444 1274 505 1320 qui
527 1285 603 1310 non
624 1278 747 1320 potest
767 1276 898 1310 evade-

113 1334 154 1359 re
175 1322 469 1366 damnationem,
489 1321 560 1357 nisi
581 1322 694 1357 honio
716 1322 826 1358 morti
842 1333 896 1358 se-

116 1374 193 1406 met
219 1374 393 1416 exponat,
423 1377 458 1405 et
483 1369 535 1405 sic
563 1373 620 1405 est
646 1371 894 1415 necessitatis,

113 1417 205 1453 sicut
224 1417 390 1453 vendere
411 1428 480 1453 sua
500 1420 536 1452 et
557 1417 648 1452 dare
665 1417 896 1463 pauperibus

118 1464 158 1500 in
183 1467 350 1500 extrema
382 1464 609 1500 necessitate
636 1464 893 1501 existentibus.

118 1512 190 1548 Sed
211 1512 404 1548 sciendum
426 1512 539 1557 quod.
563 1511 592 1547 si
611 1514 666 1547 est
682 1512 895 1557 persecutio

116 1559 318 1606 generalis,
339 1570 422 1605 quae
444 1559 582 1605 populo
599 1558 791 1602 indicitur,
807 1563 896 1595 tunc

114 1607 227 1642 debet
242 1610 372 1653 pastor
389 1617 429 1642 se
449 1617 654 1652 opponere,
674 1610 710 1642 et
730 1607 895 1643 animam

113 1665 221 1690 suain
240 1665 391 1698 ponere,
413 1664 458 1690 ne
479 1657 580 1689 totus
592 1664 680 1699 grex
698 1653 893 1700 disperga-

112 1705 194 1745 tur3
214 1701 350 1737 sivero
368 1704 425 1737 est
442 1703 649 1746 persecutio
664 1702 892 1747 personalis,

112 1752 149 1785 et
169 1748 249 1795 ipse
272 1749 373 1785 solus
395 1748 592 1795 quaeritur,
614 1751 700 1784 tunc
722 1749 811 1785 licet
835 1750 892 1786 su-

111 1807 200 1843 gere
217 1796 532 1843 persecutionem,
548 1796 718 1842 exemplo
737 1796 891 1841 Christi,

112 1843 176 1890 qui
194 1854 216 1879 a
233 1843 326 1880 facie
343 1844 501 1879 Herodis
514 1843 607 1889 sugit
626 1843 662 1879 in
677 1846 890 1890 AEgyptum,

113 1894 149 1927 et
170 1891 338 1937 exemplo
371 1891 490 1936 Pauli,
521 1891 584 1937 qui
617 1891 794 1928 dimissus
825 1892 894 1928 suit

114 1949 183 1985 per
203 1949 367 1983 murum,
391 1949 479 1974 oves
500 1949 664 1984 namque
686 1939 833 1975 Pastori
855 1939 893 1975 in

117 1985 211 2021 coelo
237 1985 382 2022 sedenti
401 1985 634 2021 orationibus
652 1987 893 2022 commenda-

116 2033 194 2077 bat,
218 2043 257 2068 se
278 2037 402 2069 autem
423 2032 577 2068 utilitati
597 2043 726 2068 earum
745 2034 893 2079 tugien-

117 2080 165 2116 do
187 2081 383 2124 servzibat3
413 2080 499 2115 hine
520 2080 572 2116 ait
609 2080 791 2116 Dominus
820 2093 827 2116 :
853 2083 894 2118 Sa·

122 2138 184 2163 vos
202 2130 385 2173 persecuti
406 2129 547 2171 fuerint
577 2129 616 2163 in
635 2139 709 2164 una
730 2130 891 2173 civitate,

115 2176 238 2219 fugite
259 2177 298 2210 in
316 2177 442 2211 aliam.
461 2175 672 2221 Aliquando
690 2181 814 2212 autem
828 2177 892 2212 de-

117 2222 178 2258 bet
191 2222 337 2268 fugere,
350 2233 418 2258 nec
432 2222 597 2259 animam
617 2233 721 2259 suam
735 2234 891 2270 ponere,

113 2269 177 2305 sed
196 2269 380 2316 patienter
401 2274 616 2316 exspectare
633 2282 641 2315 ;
656 2271 807 2316 quando
821 2271 892 2306 sci-

114 2317 205 2352 licet
223 2319 369 2353 tantum
389 2317 491 2362 lana,
526 2317 565 2353 id
585 2323 642 2353 est
667 2318 893 2364 temporalia

117 2363 368 2410 diripiuntur,
386 2375 462 2400 nou
483 2375 670 2411 personae.

163 2414 182 2447 5
203 2412 278 2448 Cun
297 2423 541 2448 MERCENARIUS
572 2424 707 2448 PASTOR
730 2423 798 2447 Dici
819 2424 892 2448 NON

116 2469 246 2494 POTEST
261 2459 268 2495 1
297 2479 340 2485 —
356 2461 603 2496 Mercemirius
624 2464 746 2496 autem
760 2471 781 2495 a
797 2470 892 2495 mer-

117 2506 207 2542 cede
242 2505 378 2551 dictus,
400 2507 457 2542 vel
479 2507 566 2552 quia
596 2507 768 2543 mercede
802 2517 891 2542 con—

116 2553 249 2589 ductus
269 2557 338 2598 est,
361 2554 419 2589 vel
439 2554 526 2600 quia
544 2555 757 2590 mercedem
779 2556 894 2589 terre-

114 2611 203 2636 nam
230 2605 369 2647 sperat,
402 2605 434 2637 et
462 2603 525 2646 qui
552 2613 622 2638 non
649 2607 712 2644 est,
742 2601 892 2647 proprie

114 2652 254 2694 pastor,
271 2651 443 2695 quianon
463 2649 622 2685 attendit
633 2649 679 2686 ad
697 2649 893 2695 praemium

117 2695 247 2741 gloriae
283 2695 459 2740 coelestis,
487 2696 552 2732 sed
578 2697 626 2733 ad
653 2696 892 2733 commodum

118 2741 173 2779 rei
190 2742 429 2790 temporalis;
448 2742 534 2781 talis
554 2744 669 2790 euim,
685 2744 893 2781 secundum

976 182 1203 225 Greqorium,
1237 183 1371 219 merito
1411 194 1547 220 nomen
1592 184 1753 231 pastoris

974 229 1165 276 perdit,eo
1187 231 1284 275 quod
1298 233 1487 267 terrenam
1505 232 1752 268 substantiam

976 278 1056 323 plus
1070 287 1180 322 quam
1193 277 1294 323 ipsos
1306 289 1394 315 oves
1406 279 1538 325 diligit,
1552 281 1655 324 (ruffus
1668 280 1751 317 ideo

974 336 1045 360 non
1070 328 1155 360 szmc
1181 336 1261 360 oues
1294 329 1465 372 propriae,
1503 328 1569 363 sed
1608 331 1751 364 tantum

975 373 1204 418 usurpative,
1221 373 1320 418 quod
1338 375 1471 419 probat
1486 386 1552 420 prr
1564 376 1753 418 ‹·[l'ectum,

977 421 1077 466 quia,
1094 431 1178 456 cum
1192 421 1291 456 videt
1309 422 1434 466 lupum
1450 425 1659 465 venientem,
1680 423 1754 458 sci-

976 468 1063 503 licet
1078 467 1284 511 diabolum,
1300 472 1339 503 ut
1357 480 1443 505 oves
1456 469 1590 515 rapiat,
1608 470 1664 506 vel
1678 471 1753 506 lice-

977 514 1134 551 reticum
1156 518 1196 551 ut
1216 515 1392 561 decipiat,
1416 518 1470 552 vel
1495 522 1693 563 tyrannum
1717 520 1756 554 ut

978 563 1224 609 corporaliter
1240 563 1397 609 afflIgat,
1422 563 1560 601 timens
1579 566 1757 601 damnum

977 621 1105 646 rerum
1124 610 1183 646 vel
1198 611 1366 657 corporis
1382 611 1587 656 incurrere,
1601 614 1757 648 dimittit

978 668 1072 699 oves,
1100 657 1302 705 direptioni
1334 662 1476 705 patere,
1499 663 1532 695 ec
1557 662 1670 703 fugit,
1692 665 1755 696 ta—

978 706 1109 747 cendo,
1138 717 1214 742 non
1250 705 1476 751 resistendo,
1513 710 1550 743 et
1575 706 1754 743 auxilium

978 753 1148 789 debitum
1170 754 1438 790 subtrahendo.
1453 756 1547 790 Dum
1563 754 1661 790 enim
1678 755 1757 790 sola

979 802 1164 837 exteriora
1179 802 1376 838 commoda
1394 802 1758 848 requirit,iuteriora

979 853 1014 884 et
1043 848 1157 884 etiam
1176 849 1360 885 exteriora
1387 849 1510 895 gregis
1532 850 1671 886 damna
1691 861 1755 885 nc-

978 896 1164 942 gligenter
1182 898 1337 943 patitur,
1352 900 1531 933 etcontra
1549 899 1628 933 haec
1650 898 1754 935 nullo

978 944 1057 979 zelo
1073 944 1302 988 accenditur,
1319 945 1498 991 nulloque
1512 946 1656 981 fervore
1668 945 1756 981 dile-

978 991 1113 1027 ctionis
1147 991 1340 1028 excitatur.
1362 995 1609 1029 Met-cenamus
1638 997 1757 1029 autem

975 1040 1088 1083 fugit,
1102 1040 1191 1084 quia
1208 1043 1450 1075 mercenarius
1473 1045 1538 1085 est,
1552 1041 1672 1076 solum
1693 1051 1755 1076 eu-

977 1097 1066 1122 rans
1087 1086 1132 1122 de
1147 1088 1319 1123 mercede
1338 1098 1360 1123 a
1379 1087 1480 1123 lucro
1500 1092 1536 1124 et
1556 1088 1754 1124 commodo

976 1134 1190 1179 temporali,
1212 1138 1244 1170 et
1264 1146 1335 1170 non
1354 1137 1511 1181 pertinet
1530 1136 1579 1171 ad
1599 1146 1691 1180 eum,
1716 1135 1754 1171 id

978 1173 1034 1216 est
1061 1181 1109 1216 ad
1137 1182 1221 1228 ejus
1260 1192 1402 1227 curam,
1440 1184 1484 1218 de
1525 1184 1666 1228 ovibus,
1711 1183 1755 1219 de

977 1238 1138 1274 quarum
1159 1228 1367 1274 perditione
1384 1232 1458 1265 non
1477 1230 1700 1267 sollicitatur
1721 1234 1757 1267 et

976 1278 1096 1321 curat,
1133 1277 1221 1321 quia
1255 1287 1330 1311 non
1359 1287 1487 1313 amore
1516 1289 1662 1323 earum,
1691 1278 1757 1314 sed

976 1333 1044 1369 pro
1066 1333 1133 1360 sua
1163 1324 1336 1359 mercede
1358 1325 1557 1371 temporali
1584 1326 1757 1370 laborat3

975 1381 1080 1415 nam,
1105 1371 1311 1407 secundum
1330 1373 1594 1418 Augsustz'num,
1617 1385 1692 1409 non
1708 1373 1761 1409 di-

975 1417 1058 1464 ligit
1092 1418 1132 1454 in
1157 1419 1290 1454 ovibus
1319 1420 1522 1465 §hristum
1551 1421 1617 1457 sed
1643 1423 1699 1457 lae
1721 1424 1758 1457 et

975 1465 1114 1501 lanam.
1140 1468 1188 1501 Et
1208 1467 1317 1511 lupus
1342 1470 1454 1512 rupit,
1485 1468 1532 1504 ad
1559 1468 1700 1505 malum
1720 1472 1757 1505 et

974 1512 1183 1558 periculum
1215 1515 1486 1559 pertrahendo,
1511 1519 1544 1551 et
1574 1517 1756 1562 dispermt

975 1571 1068 1604 oves,
1090 1560 1137 1595 ad
1161 1561 1307 1597 unitate
1329 1562 1496 1598 caritatis
1523 1566 1560 1599 et
1580 1565 1754 1600 Ecclesiae

975 1607 1200 1653 separando,
1222 1609 1280 1644 vel
1297 1610 1514 1655 affligendo.
1539 1612 1610 1647 Sed
1632 1613 1753 1648 bonus

974 1659 1115 1700 pastor,
1137 1655 1317 1692 adversus
1329 1657 1529 1702 praedictos
1546 1659 1651 1704 lupos
1672 1661 1752 1695 ani-

974 1713 1075 1738 mam
1102 1713 1208 1739 suam
1231 1705 1293 1739 dat
1313 1705 1370 1740 vel
1395 1705 1501 1751 ponit
1521 1717 1529 1741 :
1555 1706 1643 1752 quia
1664 1707 1756 1743 resi-

972 1749 1035 1785 stit
1070 1752 1342 1787 tentationibus
1378 1752 1532 1797 diaboli,
1560 1755 1753 1799 arguendo

973 1800 1010 1832 et
1033 1796 1262 1844 increpando
1282 1798 1396 1843 vitia;
1431 1800 1573 1836 resistit
1596 1802 1753 1838 fallaciis

972 1845 1250 1889 haereticorum,
1269 1847 1510 1892 praedicando
1532 1859 1622 1885 vera
1637 1861 1645 1893 ;
1663 1849 1753 1885 resi-

973 1894 1035 1928 stit
1055 1893 1382 1938 persecutionibus
1398 1897 1596 1940 malorum,
1607 1898 1751 1933 orando

972 1945 1009 1976 et
1032 1950 1097 1985 pro
1117 1940 1170 1976 eis
1187 1940 1423 1987 implorando
1443 1943 1595 1980 coeleste
1616 1945 1754 1981 benefi-

972 1988 1083 2023 cium.
1106 1989 1230 2024 Bonus
1250 1994 1378 2034 pastor
1399 1992 1533 2035 quaerit
1552 1992 1753 2028 utilitatem

972 2034 1117 2078 ovium;
1139 2036 1204 2070 sed
1219 2037 1341 2072 mulus
1358 2041 1486 2083 pastor
1501 2041 1536 2074 et
1551 2050 1753 2076 mercena-

971 2081 1065 2126 rius,
1079 2084 1318 2119 eommodum
1331 2085 1538 2131 proprium.
1551 2086 1680 2123 Bonus
1692 2098 1755 2134 pa-

972 2134 1051 2165 stor
1074 2129 1203 2165 videns
1227 2131 1355 2177 lupum
1383 2132 1611 2178 venientem,
1634 2134 1671 2171 id
1698 2139 1753 2171 est

970 2176 1219 2213 tentationem
1239 2179 1478 2225 diabolicam,
1493 2181 1753 2228 deceptionem

970 2224 1201 2266 haereticam,
1224 2228 1281 2261 vel
1297 2229 1481 2264 saevitiam
1498 2230 1749 2276 tyrannicam,

971 2272 1127 2317 opponit
1157 2283 1209 2312 se,
1235 2273 1404 2310 subditos
1425 2279 1557 2312 contra
1578 2277 1678 2313 hunc
1698 2278 1750 2313 lu-

969 2328 1059 2365 pum
1082 2318 1268 2365 triplicem
1281 2324 1407 2358 tuetur
1422 2326 1458 2359 et
1473 2323 1641 2360 defendit
1656 2336 1664 2369 3
1685 2325 1750 2360 sed

970 2366 1090 2402 malus
1123 2370 1253 2412 pastor
1276 2368 1372 2415 fugit
1399 2373 1435 2405 et
1461 2370 1616 2407 dimittit
1647 2383 1749 2416 oves,

970 2424 1038 2448 nec
1059 2413 1285 2451 adversariis
1317 2417 1470 2452 resistit.
1498 2419 1602 2455 Unde
1624 2418 1661 2454 in
1681 2421 1750 2455 Za-

971 2460 1099 2496 charia
1121 2472 1129 2496 :
1156 2462 1183 2497 O
1214 2466 1356 2507 pastor,
1380 2468 1414 2500 et
1434 2465 1573 2501 idolum
1594 2467 1747 2502 derelin-

972 2518 1083 2557 quens
1099 2519 1243 2553 yreqem
1259 2512 1272 2545 !
1288 2511 1398 2553 Quasi
1421 2512 1561 2548 diceret
1581 2525 1588 2548 :
1609 2515 1690 2549 Non
1711 2524 1750 2549 es

971 2557 1112 2608 pastor,
1134 2556 1199 2592 sed
1232 2558 1517 2594 similitudinem
1549 2563 1585 2595 et
1610 2560 1752 2595 idolum

971 2612 1071 2647 geris
1086 2603 1245 2648 pastoris
1262 2616 1269 2649 ;
1284 2606 1404 2642 bonus
1420 2611 1545 2652 pastor
1560 2618 1632 2642 non
1651 2618 1750 2653 quae-

971 2660 1058 2685 rens
1096 2661 1178 2696 quae
1215 2662 1282 2688 sua
1310 2657 1409 2697 sunt,
1449 2654 1514 2689 sed
1548 2666 1630 2700 quae
1658 2657 1748 2690 Jesu

971 2697 1121 2749 Christi,
1143 2709 1256 2744 supra
1275 2710 1428 2746 gregem
1456 2712 1564 2737 suum
1586 2702 1744 2737 sollicite

970 2745 1113 2792 vigilat,
1130 2747 1300 2792 cogitans
1318 2748 1486 2793 quotidie
1503 2759 1616 2794 quam
1630 2749 1742 2786 ratio-
