1894 3186
473 197 528 231 DE
568 195 890 230 SUSClTATlONE
928 194 1039 230 FILII
1077 194 1224 228 VIDUAE
1262 195 1384 229 Niiiii.
1731 198 1749 230 5

130 270 264 314 agant,
290 266 512 310 accelerent,
548 266 625 311 J'am
646 269 857 309 resurgant.
882 277 900 299 »

140 315 244 350 Unde
281 318 318 350 et
355 315 662 358 chrysostomus:
702 314 796 348 «Ne
832 323 902 349 au—

136 361 280 397 diamus
323 361 386 406 qui
424 366 578 405 stamus,
625 360 688 395 sed
735 360 902 396 dicamus

129 408 236 445 nobis
271 408 356 454 ipsis
382 420 390 444 :
419 409 489 452 Qui
512 409 701 443 enci-stimat
720 417 757 443 se
788 410 899 447 stare,

127 455 250 491 videat
278 466 322 491 ne
351 456 481 498 cadat‚·
506 465 554 491 ne
587 455 839 500 desperemus,
871 454 901 489 si

121 502 336 548 cecidimus,
361 504 426 539 sed
445 503 612 538 dicamus
634 502 766 538 nobis:
790 504 902 540 Num-

117 549 223 594 quid,
257 553 322 595 qui
356 551 468 591 cadit,
493 561 565 586 non
589 553 751 593 resumet
772 550 788 584 ἱ)
814 551 899 584 Ete-

121 596 199 632 nim
226 599 333 633 multi
372 597 410 633 in
449 599 570 644 ipsum
611 596 694 632 coeli
721 597 899 632 verticem

123 645 368 682 ascendentes
405 650 442 681 et
484 655 635 680 omnem
678 643 898 690 patientiam

118 690 427 737 demonstrantes,
456 703 589 738 parum
620 692 711 738 lapsi
731 695 829 736 sunt,
862 697 899 727 et

119 737 168 774 ad
205 739 325 784 ipsum
365 744 550 776 venerunt
588 741 742 776 malitiae
787 740 896 774 bara-

117 784 262 836 thrum.
284 789 355 823 Alii
375 794 500 824 autem
530 798 659 823 rursus
691 788 738 823 ad
763 787 897 822 coelum

114 831 203 884 inde
223 837 474 871 ascenderunt
505 839 542 872 et
571 846 593 871 a
611 846 724 870 scena
745 839 780 870 et
799 845 899 869 scur-

116 878 270 926 rilitate,
300 884 345 918 ad
372 883 590 929 Angelicam
616 887 701 919 sunt
724 882 897 917 translati

117 926 384 978 urbanitatem,
418 933 454 965 et
479 934 622 965 tantam
651 931 898 966 ostenderunt

113 976 304 1020 virtutem,
346 982 384 1012 ut
410 978 599 1013 daemones
628 976 836 1023 abegerint,
861 980 898 1011 et

113 1021 232 1057 multa
262 1024 370 1070 signa
404 1024 477 1059 alia
505 1025 648 1070 operati
677 1025 835 1067 fuerint3
861 1027 899 1059 et

113 1066 249 1103 horum
262 1070 411 1115 quidem
432 1072 551 1116 plenae
573 1075 659 1106 sunt
679 1071 895 1116 Scripturae,

113 1117 150 1149 et
176 1115 285 1160 plena
309 1119 383 1153 vita
411 1119 588 1162 exemplis
610 1118 730 1154 nobis.
759 1119 897 1160 Quem-

112 1161 449 1200 admodum-enim
488 1165 624 1201 medici
664 1165 897 1200 difficiliores

117 1209 359 1260 {egritudines
391 1211 497 1247 libris
519 1213 743 1257 inscribunt,
779 1216 815 1248 et
834 1213 900 1247 hu-

116 1265 179 1301 JuS
212 1260 484 1294 emendationis
517 1261 750 1306 methodum,
775 1261 812 1296 id
844 1262 900 1294 est

122 1302 333 1340 doctrinam
365 1307 514 1351 docent,
549 1310 589 1341 ut
623 1307 662 1342 in
692 1307 899 1355 majoribus

120 1351 311 1403 exercitati
355 1353 463 1388 facile
505 1354 652 1390 minora
688 1358 897 1401 superent3

117 1399 171 1432 ita
191 1402 320 1444 utique
345 1404 381 1436 et
402 1401 498 1436 Deus
523 1411 661 1448 magna
687 1408 841 1448 peccata
861 1403 899 1437 in

120 1445 287 1481 medium
323 1448 488 1494 adduxit,
525 1452 564 1483 ut
584 1450 647 1494 qui
668 1461 781 1495 parva
807 1451 899 1485 deli-

119 1498 298 1544 querunt,
309 1505 374 1538 per
389 1495 452 1530 illa
465 1496 611 1531 facilem
623 1497 757 1533 horum
776 1508 900 1533 emen-

120 1539 313 1576 dationem
358 1541 563 1579 inveniant.
610 1545 646 1579 Si
685 1547 786 1580 enim
819 1555 900 1579 ma-

118 1585 203 1630 jora
240 1588 454 1624 habuerunt
486 1591 741 1635 sanationem,
781 1592 900 1627 multo
940 1590 941 1602 ¹

120 1633 240 1679 magis
265 1636 424 1672 minora.
454 1637 572 1682 Igitur
599 1648 788 1674 armemus
820 1649 903 1674 nos-

119 1681 296 1726 metipsos
329 1683 436 1719 bonis
463 1685 757 1731 operationibus,
799 1690 836 1721 et
871 1686 902 1720 si
941 1687 943 1722 1

123 1727 318 1764 advenerit
352 1731 505 1776 aliquod
545 1732 736 1777 delictum,
775 1733 903 1768 ablua-

121 1780 289 1827 mur‚.ut
307 1777 411 1823 digni
437 1778 647 1814 efficiamur
676 1781 714 1815 in
740 1780 901 1826 gloriam

120 1821 192 1874 Dei
205 1830 372 1859 viventes
391 1830 613 1870 praesentem
630 1827 759 1871 vitam,
777 1828 904 1862 futura

120 1867 196 1904 frui
213 1870 291 1906 vita
314 1883 322 1907 :
348 1884 366 1905 »
391 1873 473 1908 haec
494 1873 780 1918 Chrysostomus.

171 1930 191 1961 7
221 1918 323 1953 Mons
365 1930 485 1956 ANIMAE
529 1932 604 1956 PRAE
646 1932 800 1956 OMNIBUS
845 1932 905 1956 ni:-

116 1972 270 2000 FLENDA.
289 1984 335 1991 -
359 1967 564 2002 Considera
583 1968 644 2002 hic
679 1969 829 2003 viduam
859 1968 904 2002 de

120 2014 242 2046 morte
261 2011 328 2046 filii
347 2013 515 2058 flentem,
532 2018 568 2049 et
586 2014 639 2049 ita
655 2018 710 2058 tu,
730 2014 904 2049 omnibus

122 2058 351 2104 postpositis,
371 2061 416 2095 de
436 2064 556 2096 morte
571 2060 708 2097 animae
727 2066 800 2097 tuae
819 2062 905 2107 luge

125 2107 162 2139 et
200 2105 421 2153 lacrymare,
462 2111 502 2142 ut
534 2118 717 2143 merearis
748 2110 794 2143 ab
827 2109 907 2153 ipsa

125 2154 248 2205 morte
265 2155 400 2189 aniinae
426 2164 491 2199 per
513 2158 655 2190 tactum
676 2156 813 2191 divinae
835 2156 905 2190 mi-

118 2201 323 2235 serationis
356 2202 585 2238 resuscitari.
612 2203 766 2238 Abstine
785 2214 807 2238 a
831 2203 908 2238 risu

126 2247 165 2280 et
181 2246 378 2299 cachinno,
398 2250 567 2295 cogitans
587 2250 675 2295 quia
696 2251 742 2286 de
763 2251 909 2285 cunctis

121 2293 274 2343 actibus
307 2296 379 2331 tuis
416 2297 632 2333 redditurus
657 2307 695 2332 es
721 2299 908 2333 rationem

128 2341 346 2392 injudicio.
378 2344 479 2379 Unde
510 2345 563 2379 ait
593 2345 869 2389 Chrysoscomus
896 2356 907 2379 ε

127 2397 148 2420 ((
174 2388 274 2423 Ν11111
301 2391 437 2436 quippe
464 2391 516 2426 ita
543 2394 779 2438 conglutinat
817 2394 908 2436 Deo,

125 2436 168 2469 ut
210 2434 385 2482 lacrymae
433 2437 521 2483 illae,
556 2449 648 2484 quas
685 2443 722 2474 et
766 2440 911 2485 peccati

128 2480 237 2516 dolor
251 2488 296 2534 ‘et
321 2494 428 2519 amor
449 2487 597 2521 virtutis
629 2486 800 2532 effundit,
833 2487 911 2521 sive

132 2537 286 2573 propria
321 2535 474 2576 peccata
519 2531 602 2579 quis
621 2562 629 2577 ,
678 2533 755 2569 sive
797 2535 911 2569 etiam

133 2574 362 2628 lamentetur
398 2579 534 2615 aliena.
570 2579 682 2626 Cujus
714 2580 815 2616 enim
857 2581 912 2616 rei

133 2626 255 2674 gratia
278 2626 317 2677 in
345 2627 571 2663 cachinnum
593 2627 728 2664 laxaris
759 2639 801 2663 ac
842 2626 911 2663 dif-

132 2668 218 2706 fluis
238 2682 301 2719 qni
323 2677 516 2711 tantorum
550 2685 682 2722 sponte
719 2674 838 2713 factus
873 2685 912 2711 es

976 274 1085 300 causa
1105 275 1323 308 moerorum,
1359 269 1443 300 ante
1472 265 1639 302 terribile
1662 266 1752 301 illud

977 311 1116 348 Christi
1151 316 1314 346 staturus
1340 313 1518 353 tribunal,
1544 316 1579 348 et
1606 323 1752 349 summa

978 369 1061 394 cum
1085 360 1359 394 examinatione
1378 360 1562 395 rationein
1583 372 1646 404 nro
1665 372 1752 396 cun-

976 406 1042 441 ctis
1064 408 1209 441 actibus
1230 406 1478 442 redditurus?
1499 420 1515 440 »
1544 409 1621 443 liaec
1640 409 1752 455 Chry-

975 458 1165 490 sostomus.
1200 453 1313 489 Valde
1347 458 1472 489 autem
1503 456 1751 499 periculosum

976 506 1042 545 est,
1066 502 1164 546 quod
1193 505 1367 546 peccator
1394 501 1431 536 in
1464 502 1636 536 soi-ilibus
1668 514 1751 547 pec-

975 553 1158 593 catorum,
1193 552 1230 584 et
1258 549 1295 584 in
1328 552 1447 583 morte
1475 549 1609 583 anima}
1637 550 1750 594 jacet,

974 607 1051 632 non
1072 607 1208 632 curans
1235 607 1274 632 se
1299 607 1364 642 per
1385 596 1643 642 poeniteiiiiani
1667 607 1751 642 pur-

973 654 1063 691 gare
1098 648 1134 679 et
1162 655 1375 691 resurgere.
1416 643 1453 680 Si
1484 646 1583 679 enini
1618 643 1754 689 linguis

974 692 1169 728 hominum
1205 691 1415 737 loquereris
1437 695 1472 726 et
1509 692 1752 737 Angelorum,

974 745 1011 776 et
1027 739 1057 775 si
1072 744 1139 785 tot,
1154 751 1219 785 per
1236 745 1337 776 tuam
1358 739 1582 782 doctrinam,
1604 749 1756 774 eonver-

973 790 1073 823 teres
1096 789 1265 823 homines
1289 791 1380 833 quot
1410 786 1561 821 fuerunt
1584 787 1754 822 homines

973 836 1019 870 ab
1042 834 1148 870 initio
1178 835 1321 879 mundi,
1341 835 1399 870 vel
1420 839 1509 880 quot
1530 839 1616 869 sunt
1637 834 1754 869 stellae

973 882 1078 925 coeli;
1121 886 1158 918 et
1194 883 1353 927 teipsum
1391 893 1456 927 per
1496 882 1755 926 poenitentiam

972 940 1046 964 non
1077 929 1329 973 mundaveris,
1367 929 1486 964 factus
1516 939 1570 973 es,
1596 929 1755 964 docente

969 977 1162 1022 Apostolo,
1177 977 1278 1011 volut
1295 987 1344 1011 {es
1365 986 1503 1011 sonans
1522 980 1587 1011 aut
1609 976 1756 1020 cymba-

972 1025 1048 1058 lum
1070 1024 1255 1067 tinniens3
1284 1034 1466 1068 campana,
1493 1023 1593 1058 enim
1614 1024 1660 1058 ad
1680 1023 1754 1058 uti-

971 1072 1115 1106 litatem
1143 1072 1337 1106 hominum
1365 1071 1542 1106 serviens.
1575 1070 1754 1115 pulsando

972 1118 1131 1163 seipsam
1151 1118 1348 1153 consumit.
1369 1118 1424 1161 Et,
1439 1118 1469 1151 si
1487 1117 1665 1152 habueris
1680 1127 1757 1153 om-

972 1176 1058 1201 nem
1079 1165 1290 1208 scientiam,
1313 1169 1349 1199 et
1371 1164 1400 1198 si
1422 1175 1485 1208 per
1506 1169 1608 1199 tuam
1635 1164 1754 1199 scien-

972 1215 1077 1257 tiam,
1099 1218 1134 1248 et
1157 1214 1230 1248 tuis
1251 1212 1421 1247 diseretis
1439 1212 1606 1246 consiliis
1628 1221 1756 1247 omnes

972 1272 1081 1307 reges
1102 1259 1231 1296 mundi
1254 1259 1309 1293 vel
1337 1258 1538 1304 principes,
1561 1259 1635 1293 imo
1656 1262 1756 1294 totus

974 1309 1137 1344 mundus
1157 1306 1310 1353 pacifice
1333 1307 1604 1352 dirigerentur3
1629 1310 1665 1341 et
1687 1306 1756 1341 tei-

974 1366 1080 1402 psum
1098 1367 1162 1400 per
1176 1355 1436 1399 poenitentiam
1450 1364 1523 1388 non
1536 1353 1755 1398 correxeris,

974 1404 1067 1438 nihil
1091 1403 1278 1448 proficies,
1295 1402 1352 1445 Et,
1371 1402 1400 1436 si
1418 1401 1593 1436 habueris
1605 1410 1757 1436 omnem

974 1451 1103 1496 fidem,
1141 1451 1192 1485 ita
1232 1448 1333 1495 quod
1383 1448 1510 1483 trahas
1551 1448 1599 1482 ad
1643 1447 1759 1483 fidem

974 1508 1105 1533 omnes
1123 1498 1286 1540 Judaeos,
1301 1494 1497 1531 liaereticos
1514 1499 1551 1531 et
1571 1505 1755 1541 pagan053

975 1550 1012 1580 et
1032 1546 1062 1579 si
1084 1546 1119 1579 in
1143 1548 1296 1589 peccato
1320 1543 1468 1577 mortali
1494 1554 1545 1586 es,
1568 1543 1661 1577 nihil
1688 1541 1758 1577 tibi

975 1593 1145 1637 proderit
1184 1592 1231 1626 ad
1263 1589 1348 1625 vitae
1383 1592 1534 1625 aeternae
1572 1591 1751 1626 salutem.

974 1640 1081 1684 Item,
1113 1639 1143 1674 si
1185 1637 1287 1673 mille
1323 1637 1487 1672 claustra
1522 1638 1675 1679 faceres,
1720 1638 1757 1671 et

975 1687 1076 1721 mille
1108 1685 1309 1729 hospitalia
1328 1694 1441 1719 manu
1462 1683 1615 1728 propria
1635 1682 1756 1717 aedifi-

976 1743 1095 1775 cares,
1119 1732 1214 1767 et'in
1243 1732 1314 1766 illis
1349 1740 1479 1764 omnes
1508 1730 1636 1764 mundi
1664 1739 1757 1774 pau-

975 1791 1082 1825 peres
1104 1780 1213 1815 bonis
1239 1779 1311 1812 tuis
1336 1786 1507 1822 pasceres
1535 1787 1543 1820 ;
1576 1775 1759 1821 quamdiu

977 1828 1015 1862 in
1036 1831 1187 1872 peccato
1207 1825 1356 1860 mortali
1387 1823 1565 1868 persistis,
1594 1823 1632 1858 in
1663 1827 1761 1858 statu

977 1874 1245 1910 salvandorum
1270 1882 1345 1906 non
1366 1881 1418 1906 es.
1441 1872 1548 1915 ltem,
1569 1871 1599 1905 si
1627 1879 1761 1915 corpus

978 1925 1085 1956 tuum
1118 1921 1164 1956 ad
1193 1919 1438 1955 cremandum
1477 1919 1586 1953 dares
1614 1922 1651 1952 ut
1672 1918 1763 1952 Lau-

977 1969 1135 2013 rentiuS,
1158 1967 1206 2003 ad
1239 1966 1508 2002 excoriandum
1531 1969 1571 2000 ut
1602 1965 1761 2000 Bartho-

979 2017 1151 2059 lomaeus,
1171 2015 1201 2049 si
1219 2013 1496 2058 crucifigereris
1517 2016 1558 2047 ut
1578 2012 1759 2057 Christus;

981 2067 1018 2099 et
1037 2064 1090 2097 sic
1112 2072 1195 2096 cum
1212 2060 1324 2096 unico
1344 2065 1496 2105 peccato
1515 2060 1663 2095 mortali
1685 2068 1763 2094 mo-

979 2110 1132 2153 rereris,
1145 2117 1353 2152 numquam
1370 2107 1581 2142 salvareris.
1604 2108 1710 2150 item,
1731 2105 1762 2141 si

982 2157 1086 2193 mille
1122 2156 1241 2190 millia
1279 2153 1477 2188 missarum
1510 2164 1575 2198 pro
1603 2157 1638 2188 te
1665 2153 1761 2188 dice-

982 2207 1129 2247 rentur,
1148 2202 1179 2237 si
1201 2211 1331 2237 omnes
1350 2201 1480 2236 Sancti
1502 2202 1539 2235 111
1559 2200 1652 2235 coelo
1675 2209 1762 2236 cum

985 2250 1162 2286 omnibus
1177 2248 1331 2294 Angelis
1347 2248 1524 2293 prostrati
1538 2252 1624 2282 ante
1644 2248 1763 2283 Deum

982 2297 1206 2344 sanguineas
1235 2296 1437 2330 funderent
1472 2295 1670 2341 lacrymas,
1708 2304 1764 2329 us-

983 2355 1054 2390 que
1080 2345 1119 2379 111
1139 2344 1237 2379 diem
1256 2343 1500 2378 novissimum
1525 2347 1675 2377 orantes
1696 2351 1764 2387 pro

984 2396 1036 2437 te,
1058 2402 1134 2427 non
1155 2392 1352 2426 flecterent
1379 2390 1677 2424 misericordiam
1698 2388 1766 2424 Dei

984 2440 1031 2476 ad
1062 2440 1318 2474 miserendum
1345 2437 1413 2481 tui,
1441 2436 1471 2472 si
1501 2437 1702 2472 decederes
1728 2437 1767 2470 in

985 2489 1140 2532 peccato
1165 2485 1349 2521 mortali:
1387 2488 1425 2519 et
1457 2484 1541 2519 ideo
1579 2482 1767 2530 peccatori

987 2536 1025 2569 in
1057 2537 1178 2568 morte
1208 2531 1345 2568 animae
1375 2532 1526 2578 jacente
1553 2533 1634 2576 plus
1666 2529 1767 2566 vale-

986 2584 1044 2616 ret
1062 2591 1137 2616 una
1157 2582 1342 2615 consessio
1363 2579 1476 2624 bona,
1504 2588 1618 2625 quam
1642 2576 1769 2613 omnia

988 2627 1172 2664 beneficia
1206 2628 1387 2673 praedicta
1423 2637 1491 2673 per
1531 2635 1618 2661 eum
1655 2624 1766 2670 facta,

986 2674 1046 2712 vel
1060 2673 1130 2711 sibi
1156 2675 1338 2721 impensa.
