1894 3186
549 225 600 259 DE
639 223 907 258 DAEMONIACO
943 220 1058 256 GAEGO
1096 219 1144 252 ΕΤ
1182 217 1314 252 MUTO.

125 296 210 334 talis
231 299 289 333 est
309 307 317 332 ε
341 294 511 332 Minister
530 305 606 330 non
629 297 686 330 est
711 293 903 341 potentior

123 349 265 388 actore,
306 343 372 379 sed
424 342 573 379 Chistus
614 342 804 388 potentior
846 344 903 378 est

123 392 292 436 diabolo,
316 400 404 436 ergo
424 390 594 426 Christus
615 400 691 425 non
712 393 768 426 est
793 389 902 425 mini-

123 443 201 476 ster
220 437 372 475 diaboli.
390 439 465 473 Hoc
486 440 612 473 autem
634 437 799 473 ostendit
821 437 872 473 sic
893 449 901 473 :
936 432 938 471 l

121 490 203 526 Non
227 485 326 522 enim
345 487 463 531 potest
484 487 680 530 quisquam
706 487 845 520 intrare
865 487 904 520 in
936 490 938 530 l

122 535 267 570 domum
301 534 425 577 fortis,
461 532 613 568 domum
649 543 755 568 suam
781 536 903 568 custo·
937 538 939 562 ἒ

122 581 272 625 dientis,
300 584 333 616 et
352 591 442 616 vasa
463 591 527 616 seu
551 581 651 616 bona
670 581 748 626 ejus
769 581 905 625 diripe·
937 563 940 639 ι

121 640 172 673 re,
192 631 267 664 nisi
282 630 403 674 prius,
424 630 617 673 tamquam
638 627 785 672 sortior,
810 627 906 664 olli-
939 655 940 678 ἢ

120 678 266 724 ¹qaverit
285 678 438 720 fortem;
471 679 504 711 et
525 679 623 720 tuno,
647 686 691 711 eo
714 674 824 719 victo,
846 676 907 711 do·
939 681 941 714 l

123 736 221 760 mum
246 728 282 759 et
311 734 414 768 vasa,
451 733 557 758 arma
588 727 626 758 et
651 722 771 769 spolia
801 724 906 758 illius

124 772 292 818 diripiet,
316 772 524 815 auferet,et
540 769 752 807 distribuet.
773 769 907 806 Diabo-
940 768 941 799 l

123 819 181 854 lus
208 819 316 854 fortis
343 822 400 854 est
430 817 650 853 fortitudine
676 817 906 853 naturalium

123 867 332 910 bonorum3
362 866 408 901 de
443 865 523 911 ipso
551 864 651 901 enim
685 864 842 901 scibitur
868 865 907 900 in
940 887 941 908 ;

124 913 220 949 libro
240 914 325 957 Job,
354 913 455 959 quod
473 923 545 948 non
578 916 629 948 est
664 915 825 958 potestas
846 922 906 947 su·
940 911 941 945 l

119 972 188 1007 per
211 963 359 1005 terram,
383 972 461 1006 quae
480 962 512 995 ei
547 965 790 1006 comparetur.
818 960 907 1005 Ejus

124 1019 231 1044 arma
265 1012 354 1044 sunt
380 1007 530 1044 astusiae
556 1010 593 1043 et
619 1007 694 1042 doli
724 1006 909 1052 nequitia-

126 1066 209 1091 rum
235 1055 501 1102 spiritualium,
539 1058 576 1090 et
597 1065 729 1090 omnes
763 1054 906 1100 species

125 1107 363 1149 peccatorum
376 1115 391 1147 3.
423 1103 556 1138 domus
596 1104 631 1137 et
669 1101 807 1137 atrium
827 1102 908 1147 ejus

126 1153 183 1186 est
201 1151 364 1186 mundus
392 1149 430 1185 in
451 1160 524 1195 quo
543 1148 827 1194 principabatur
843 1159 907 1184 us-
940 1157 942 1172 ¹

126 1208 199 1243 que
221 1198 268 1233 ad
289 1197 492 1233 Salvatoris
509 1197 714 1231 adventum
733 1207 740 1239 3
763 1206 853 1231 vasa
871 1199 910 1231 et

124 1244 245 1290 spolia
266 1245 347 1291 ejus
375 1246 460 1280 sunt
489 1243 661 1279 homines
683 1242 822 1278 obsessi
849 1243 907 1278 vel

126 1292 274 1338 decepti
304 1303 326 1328 a
347 1291 511 1328 diabolo.
551 1291 630 1333 Quo
670 1289 906 1326 custodiente

126 1338 264 1376 atrium
292 1350 413 1383 snum,
438 1338 478 1374 in
508 1348 580 1383 quo
611 1337 707 1373 sicut
730 1337 768 1372 in
794 1337 906 1373 domo

125 1386 382 1430 habitabat,in
402 1397 494 1432 pace
514 1386 666 1421 fuerunt
680 1384 807 1420 omnia
825 1395 904 1429 sua,

126 1433 214 1480 quia
240 1445 352 1470 nemo
373 1433 442 1470 sibi
471 1432 686 1476 resistebat,
712 1436 748 1468 et
768 1432 903 1468 adhuc.

124 1483 164 1517 in
177 1492 266 1527 pace
282 1485 380 1522 sunt,
395 1481 443 1517 ad
462 1491 560 1525 eum,
583 1481 704 1515 omnia
725 1490 803 1525 quae
820 1491 907 1525 pos-

124 1530 234 1572 sidet,
253 1528 291 1564 id
313 1532 369 1564 est
389 1538 521 1564 omnes
547 1529 764 1573 peccatores
789 1526 851 1572 qui
873 1526 906 1562 ei

126 1576 307 1612 obediunt
328 1579 365 1611 et
390 1576 517 1611 favent
539 1586 547 1610 z
572 1574 674 1620 quia,
698 1574 906 1610 secundum

127 1624 353 1668 Greyorium,
364 1622 448 1658 illos
464 1622 614 1668 pulsare
631 1621 799 1667 negligit,
814 1632 906 1666 quos

127 1671 256 1717 quieto
275 1671 361 1716 jure
383 1669 577 1717 possidere
602 1679 641 1704 se
671 1669 796 1705 sentit.
819 1669 904 1714 Sed,

126 1720 160 1753 si
175 1720 309 1762 fortior
329 1729 380 1759 eo,
404 1716 545 1753 scilicet
572 1715 755 1760 Christus,
777 1727 906 1762 super-

125 1767 285 1809 veniens,
307 1765 345 1801 id
375 1768 432 1800 est
466 1764 628 1809 desuper
656 1764 701 1799 de
727 1764 819 1800 coelo
848 1774 907 1799 ve-

125 1812 247 1856 niens,
269 1815 397 1848 vicerit
415 1823 508 1855 eum,
529 1814 566 1846 et
577 1822 708 1847 revera
726 1811 813 1846 vicit
830 1813 908 1846 ten-

125 1859 331 1896 tationibus
348 1860 428 1905 ejus
449 1858 609 1894 viriliter
625 1858 851 1902 resistendo,
871 1860 908 1894 et

125 1908 343 1954 passionem
365 1907 411 1942 ab
432 1917 476 1942 eo
494 1910 735 1952 procuratam
759 1905 906 1952 patien-

126 1958 185 1991 ter
218 1954 464 1997 sustinend03
503 1964 624 1999 eoque
655 1952 694 1988 in
719 1954 908 1988 infernum

127 2002 311 2047 relegato,
334 2005 370 2036 et
389 2002 457 2037 sub
480 2001 575 2046 pede
602 2000 749 2036 Domini
772 1999 908 2035 contri-

127 2052 181 2093 to,
196 2051 367 2084 universa
387 2049 464 2093 ejus
484 2058 601 2091 arma,
618 2047 655 2082 id
675 2050 731 2083 est
750 2047 910 2082 callidis-

128 2096 246 2132 simas
266 2095 452 2132 versutias
471 2094 650 2140 nequitiae
684 2094 907 2140 spiritualis,

129 2145 169 2179 in
209 2144 342 2189 quibus
372 2143 591 2188 considebat,
613 2144 768 2186 auferet,
791 2146 827 2177 et
846 2152 908 2177 re-

132 2201 221 2226 vera
261 2190 430 2234 abstulit,
465 2200 529 2225 eas
569 2189 843 2235 compescendo
873 2191 909 2224 et

131 2238 361 2284 detegend03
398 2240 434 2273 et
463 2248 553 2273 vasa
580 2237 661 2283 ejus
681 2235 849 2282 diripuit,
871 2235 909 2271 id

131 2288 188 2321 θεῖ
215 2288 432 2331 peccatores
463 2284 614 2320 diabolo
645 2283 866 2330 subjugatos
888 2293 910 2318 a

129 2335 318 2379 potestate
353 2333 433 2379 ejus
456 2332 616 2378 eripuit,·
639 2335 671 2367 et
691 2333 811 2376 spotia
830 2330 909 2375 ejus

129 2380 339 2423 distribuet,
375 2382 411 2415 et
444 2389 575 2415 revera
597 2378 802 2422 distribuit,
825 2388 909 2413 cum

129 2430 347 2474 peccatores
367 2426 471 2472 prius
492 2437 514 2462 a
535 2425 683 2462 diabolo
699 2428 838 2471 captos,
858 2423 911 2459 di-

130 2474 249 2509 versis
274 2473 410 2509 officiis
441 2472 704 2509 ecclesiasticis
737 2471 910 2517 assigna,-

130 2520 184 2556 vit
212 2533 219 2556 :
243 2520 331 2566 quia
349 2522 427 2567 ipse
444 2521 545 2556 dedit
565 2521 742 2566 quosdam
763 2519 910 2564 quidem

131 2569 338 2614 Apostolos,
362 2568 537 2613 quosdam
557 2570 677 2603 autem
697 2567 908 2612 Prophetas,

134 2617 227 2651 alios
263 2626 345 2651 vero
378 2616 650 2659 Evanyelistas,
670 2616 762 2650 alios
790 2617 910 2648 autem

129 2666 296 2708 pastores
312 2666 344 2697 et
358 2662 750 2699 cloctores.Secundu1n
762 2661 910 2704 Beatam,

135 2709 326 2745 distribuit
354 2709 487 2755 spolia,
520 2710 560 2745 in
590 2720 707 2756 regno
738 2708 912 2743 Ecclesiae

136 2757 213 2791 tam
245 2756 456 2801 militantis,
487 2767 599 2802 quam
628 2755 911 2800 triumphantis,

137 2804 176 2838 in
193 2802 352 2839 diversis
367 2803 610 2849 dignitatibus
625 2806 662 2839 et
675 2802 852 2849 praemiis.
871 2803 915 2837 Et

138 2849 226 2895 quia
247 2850 498 2887 Christusista
514 2850 615 2894 fecit,
629 2849 798 2896 sequitur
814 2849 914 2895 quod

1702 212 1763 248 213

976 300 1167 348 potentior
1185 302 1241 336 est
1255 299 1511 345 daemonibus;
1528 302 1565 336 et
1579 299 1665 336 ideo
1683 310 1761 336 non

977 347 1151 385 minister
1172 358 1317 391 eorum,
1340 358 1408 383 nec
1431 347 1570 383 virtute
1590 347 1760 394 ipsorum

977 406 1094 442 egens
1114 395 1162 431 ad
1187 394 1427 441 ejiciendum.
1449 396 1499 430 Ex
1536 406 1610 441 quo
1643 394 1759 430 etiam

977 442 1225 486 concluditur,
1248 443 1348 488 quod
1372 441 1450 488 ipse
1472 442 1519 477 sit
1539 453 1626 478 vere
1650 441 1760 478 Chri-

978 495 1070 535 stus,
1095 489 1196 536 quia,
1219 489 1258 525 in
1277 489 1439 525 adventu
1470 489 1620 533 Christi,
1651 491 1760 535 pote-

978 542 1054 575 stas
1067 537 1251 574 daemonis
1272 540 1353 572 erat
1371 535 1628 577 diminuenda,
1648 539 1684 572 et
1705 547 1763 572 ar-

979 586 1110 622 cenda.
1134 586 1216 621 Non
1236 595 1325 629 ergo
1347 584 1527 620 debemus
1551 594 1632 619 esse
1660 594 1764 619 secu-

979 633 1025 678 ri,
1049 632 1139 678 quia
1156 630 1394 669 adversarius
1423 634 1552 666 noster
1569 630 1689 675 fortis,
1711 630 1763 666 vi-

981 681 1169 726 ctorisque
1194 680 1350 715 vocibus
1367 679 1662 724 comprobatum
1689 688 1760 713 nec

940 725 941 760 i
980 729 1163 764 debemus
1195 727 1420 772 desperare,
1461 725 1548 771 quia
1581 724 1759 771 princeps

981 780 1111 811 noster
1152 774 1286 810 fortior
1323 773 1387 808 illo
1424 783 1502 808 non
1549 772 1758 809 dubitatur.

981 823 1088 858 Unde
1129 823 1401 866 chrysostomus
1433 832 1443 855 z
1471 833 1489 853 «
1527 821 1609 855 Non
1649 820 1762 855 debet

981 871 1128 905 hostem
1146 868 1280 904 timere
1298 868 1433 904 fortem
1445 867 1507 913 qui
1528 867 1642 903 habet
1660 866 1763 913 prin-

981 917 1103 963 cipem
1148 915 1356 952 fortiorem.
1392 914 1465 951 Sed
1497 913 1698 960 vigilemus
1726 917 1763 949 et

982 965 1211 1007 laboremUS,
1240 974 1287 998 ne
1312 961 1452 997 fiducia
1477 960 1657 1007 principis
1684 961 1761 996 for-

981 1011 1089 1047 tioris
1111 1012 1396 1046 contemnamus
1416 1009 1676 1044 adversarium
1697 1019 1764 1044 no-

984 1064 1116 1094 strum.
1141 1059 1234 1093 Nam
1267 1057 1296 1092 si
1332 1055 1597 1092 contendimus
1628 1058 1763 1091 contra

983 1116 1085 1149 eum,
1106 1106 1283 1140 fortiores
1304 1103 1368 1139 illo
1391 1113 1520 1138 sumus
1538 1114 1546 1147 ;
1573 1101 1603 1137 si
1636 1105 1763 1138 autem

983 1153 1224 1198 negligimus,
1273 1150 1336 1186 ille
1378 1149 1514 1185 fortior
1552 1149 1762 1185 invenitur.

983 1201 1134 1235 Fortem
1155 1198 1254 1233 enim
1276 1197 1469 1233 diabolum
1489 1199 1621 1232 nostra
1640 1195 1760 1241 negli-

983 1246 1111 1293 gentia
1140 1245 1242 1289 facit,
1277 1255 1353 1279 non
1386 1244 1485 1279 illius
1511 1242 1714 1289 potentia:
1743 1255 1762 1277 »

982 1295 1064 1329 haec
1096 1294 1385 1337 Chrysostomus.
1422 1291 1526 1326 Unde
1553 1293 1589 1326 ct
1622 1291 1763 1335 Greyo-

981 1343 1060 1376 rius
1076 1353 1086 1375 .·
1101 1355 1118 1373 «
1135 1339 1421 1383 Diabolus,cum
1436 1338 1470 1374 ei
1485 1337 1687 1382 resistitur,
1705 1340 1762 1374 est

982 1387 1117 1424 debilis
1145 1387 1241 1423 sicut
1261 1385 1437 1429 formica3
1461 1395 1546 1421 cum
1569 1395 1657 1420 vero
1677 1385 1762 1431 ejus

983 1434 1175 1481 suggestio
1187 1434 1382 1479 recipitur,
1395 1435 1452 1468 est
1470 1432 1578 1468 fortis
1594 1435 1637 1468 ut
1649 1431 1722 1468 leo.
1741 1445 1760 1465 »

982 1483 1086 1518 Unde
1097 1481 1211 1517 etiam
1222 1483 1463 1524 Hieronymus
1480 1491 1487 1516 :
1508 1493 1526 1512 «
1542 1481 1764 1515 Tentamen-

981 1532 1033 1573 ta,
1053 1529 1083 1564 si
1104 1529 1151 1564 ad
1168 1532 1205 1563 te
1223 1526 1418 1573 respicias,
1436 1526 1597 1572 grandia
1615 1529 1716 1571 sunt,
1733 1525 1764 1561 si

964 1576 1029 1612 ad
1048 1577 1165 1612 Deum
1181 1575 1405 1611 bellatorem
1422 1572 1684 1617 fortissimum,
1706 1573 1764 1608 lu-

982 1624 1051 1659 dus
1073 1627 1110 1659 et
1130 1623 1264 1658 umbra
1281 1624 1383 1657 sunt.
1404 1634 1423 1653 »
1443 1641 1479 1645 —·
1500 1619 1644 1656 Deinde
1660 1619 1764 1666 ponit

982 1670 1187 1706 secundam
1211 1668 1413 1712 rationem,
1439 1678 1522 1713 quae
1552 1667 1639 1703 talis
1666 1669 1722 1703 est
1752 1678 1761 1702 :

983 1717 1153 1753 Minister
1181 1722 1217 1752 et
1247 1719 1352 1752 actor
1382 1714 1613 1750 concordant
1642 1713 1681 1749 in
1702 1724 1764 1750 vo-

981 1765 1140 1808 luntate,
1162 1763 1227 1799 sed
1249 1762 1420 1799 Christus
1441 1764 1478 1797 et
1503 1761 1676 1797 diabolus
1695 1762 1763 1797 ha-

982 1813 1071 1848 bent
1128 1810 1337 1846 contrarias
1388 1809 1616 1853 voluntates,
1673 1818 1763 1854 ergo

983 1858 1154 1895 Christus
1175 1868 1250 1893 non
1271 1860 1327 1893 est
1351 1855 1525 1891 minister
1545 1855 1698 1891 diaboli.
1720 1857 1765 1891 Et

981 1907 1053 1942 hoc
1091 1908 1146 1942 est
1168 1905 1268 1950 quod
1292 1903 1383 1939 dicit
1402 1916 1409 1940 :
1437 1902 1509 1946 Qui
1531 1913 1603 1938 non
1623 1905 1676 1937 est
1695 1913 1764 1938 me·

982 1965 1075 1997 cum,
1096 1953 1133 1988 in
1153 1953 1251 1988 bono
1273 1950 1502 1987 conveniens
1522 1960 1616 1985 meae
1637 1949 1765 1985 volun-

981 2000 1062 2046 tati,
1082 2003 1207 2035 contra
1227 2010 1292 2034 seu
1322 1998 1523 2034 adversum
1552 2007 1608 2032 me
1634 2000 1698 2032 est.
1721 1998 1766 2032 Et

980 2045 1198 2093 hujusmodi
1225 2048 1282 2081 est
1310 2044 1482 2080 diabolus
1511 2056 1519 2079 ε
1549 2044 1637 2089 quia
1660 2044 1765 2080 Chri-

983 2099 1062 2130 stus
1085 2094 1162 2129 vult
1181 2092 1327 2129 animas
1351 2092 1511 2134 salvare,
1536 2091 1601 2126 sed
1630 2090 1762 2127 diabo-

982 2142 1040 2177 lus
1076 2141 1156 2176 vult
1194 2150 1258 2176 eas
1291 2139 1465 2185 perdere,
1489 2137 1662 2174 Christus
1682 2138 1763 2173 vult

982 2187 1156 2224 homines
1191 2198 1210 2222 a
1240 2185 1405 2232 peccatis
1425 2185 1635 2229 retrahere,
1659 2187 1695 2220 et
1716 2184 1764 2220 ad

982 2235 1140 2271 virtutes
1162 2244 1354 2278 revocare,
1374 2232 1548 2268 diabolus
1569 2232 1616 2267 ad
1637 2242 1766 2277 pecca-

984 2286 1021 2319 ta
1054 2282 1220 2325 trahere,
1255 2284 1292 2316 et
1311 2291 1380 2326 per
1405 2279 1495 2315 vitia
1537 2279 1763 2315 distrahere.

984 2330 1088 2366 Unde
1108 2331 1349 2373 Hieronymus
1382 2340 1393 2362 .·
1425 2340 1443 2359 «
1478 2326 1671 2369 Diabolus,
1698 2325 1762 2372 qui

984 2387 1069 2413 cum
1107 2376 1266 2413 Domino
1292 2385 1367 2410 non
1396 2377 1465 2418 est,
1488 2376 1619 2409 contra
1640 2374 1763 2419 ipsum

984 2427 1062 2467 est3
1085 2422 1174 2468 qnia
1195 2422 1256 2458 ille
1276 2422 1356 2457 vult
1378 2422 1524 2457 animas
1545 2424 1674 2456 tenere
1699 2430 1763 2455 ca-

983 2471 1119 2518 ptivas,
1142 2480 1235 2516 quas
1253 2468 1422 2506 Christus
1443 2468 1604 2504 liberare
1619 2466 1765 2502 deside-

983 2522 1056 2554 rat.
1096 2530 1114 2551 »
1155 2538 1198 2543 —
1234 2515 1391 2559 Deinde,
1414 2515 1461 2551 ad
1482 2514 1582 2550 idem
1607 2512 1764 2560 ponitur

983 2565 1096 2601 tertia
1107 2563 1218 2609 ratio,
1232 2574 1315 2610 quae
1330 2562 1415 2599 talis
1430 2564 1486 2598 est
1502 2573 1509 2598 :
1528 2561 1666 2596 Eadem
1679 2562 1765 2596 sunt

984 2623 1100 2659 opera
1119 2611 1257 2647 actoris
1278 2614 1315 2647 et
1332 2608 1508 2652 ministri,
1527 2608 1593 2643 sed
1608 2618 1683 2642 non
1701 2617 1764 2642 ea-

985 2660 1070 2695 dem
1090 2658 1226 2695 Christi
1253 2660 1290 2693 et
1309 2656 1461 2700 diaboli,
1485 2665 1573 2700 ergo
1595 2654 1764 2689 Christus

986 2717 1062 2742 non
1084 2710 1138 2742 est
1156 2707 1193 2741 in
1207 2705 1398 2751 operando
1420 2704 1497 2748 ejus
1514 2700 1697 2737 minister.
1717 2701 1762 2736 Et

985 2755 1057 2790 hoc
1069 2756 1124 2789 est
1138 2753 1238 2799 quod
1253 2751 1342 2787 dicit
1360 2763 1367 2786 :
1386 2753 1433 2786 Et
1445 2751 1510 2795 qui
1525 2759 1594 2783 non
1609 2758 1765 2791 conyre—

987 2804 1065 2846 yat,
1079 2811 1143 2837 seu
1158 2801 1298 2844 colliyit
1308 2808 1457 2841 mecum,
1471 2795 1612 2831 scilicet
1623 2795 1661 2847 in
1676 2794 1766 2847 fidei

988 2848 1185 2892 unitatem,
1208 2847 1246 2883 in
1264 2844 1438 2882 Ecclesiae
1463 2842 1601 2888 sinum,
1622 2851 1662 2878 m
1689 2851 1765 2877 ovi-
