1894 3186
179 212 240 244 306

172 275 268 322 vari,
287 275 388 313 illius
400 279 438 312 te
453 279 491 312 et
502 285 663 322 agnosce
675 274 871 320 vicarium,
890 275 953 322 qui

165 324 266 362 venit
294 323 523 368 ministrare,
546 327 583 360 et
612 334 689 359 non
724 322 946 359 ministrari.

158 371 264 409 Beati
287 371 318 408 si
340 371 392 407 sic
419 370 741 417 permanserimus
764 381 888 416 usque
911 369 950 405 in

157 420 299 463 finem;
333 429 482 465 semper
502 423 540 455 et
560 418 700 465 ubique
726 420 951 464 quaerentes

156 478 234 503 non
254 477 339 512 quae
369 468 499 502 nostra
531 468 633 511 sunt,
651 465 718 501 sed
739 476 823 511 quae
860 466 950 500 Jesu

157 513 317 550 Christi:
334 527 352 546 »
370 514 450 549 haec
459 513 683 549 Bernartius.
702 512 775 549 Sed
793 512 841 547 ad
861 512 942 547 haec

156 559 329 598 facienda
347 571 501 597 necesse
521 564 578 597 est
598 560 739 596 hahere
754 569 821 594 cor
840 559 941 595 bene

167 608 238 645 sibi
248 608 440 644 conscium
448 610 485 644 et
492 605 761 644 conscientiam
771 614 955 642 securam.

162 656 267 692 Unde
286 655 388 692 idem
400 655 633 692 Bernartius:
657 668 675 687 «
698 655 739 689 In
767 652 947 689 omnihus

159 703 252 740 actis
289 703 345 739 vel
362 701 472 739 dietis
506 703 600 747 suis,
619 699 713 737 nihil
733 710 843 736 suum
865 699 948 746 quis

160 753 317 798 quaerat,
335 750 402 786 sed
421 752 567 786 tantum
581 751 646 784 aut
663 747 728 784 Dei
745 748 946 793 honorem,

157 801 223 834 ant
241 797 401 834 salntem
422 795 694 843 proximorum,
711 798 775 831 aut
802 797 943 848 utrum3

158 856 243 892 que.
264 846 339 880 Nec
356 855 450 890 pure
468 843 567 879 valet
589 841 667 887 Dei,
687 842 746 878 vel
781 842 944 888 proximi

158 903 329 938 quaerere
350 891 469 935 luera,
490 892 552 937 qui
579 889 732 936 propria
753 901 830 925 non
851 900 940 926 con-

155 938 367 984 tempserit.
400 941 504 974 Bona
539 937 692 980 oblivio,
721 937 749 973 si
778 937 940 984 teipsum

156 986 318 1030 nescias,
349 990 387 1021 ut
410 985 577 1031 proximo
600 984 748 1031 prosis!
773 986 870 1021 Saue
903 985 940 1020 in

156 1038 261 1070 tanta
292 1032 480 1069 oblivione
517 1032 573 1069 sui
605 1043 758 1068 necesse
783 1035 839 1068 est
876 1043 940 1068 cor

155 1082 251 1118 bene
265 1092 348 1117 esse
368 1079 560 1116 conscium
579 1080 662 1123 sibi,
682 1090 754 1125 quo
768 1091 806 1115 sc
826 1079 862 1115 in
886 1081 937 1115 lu-

156 1140 220 1164 cra
237 1129 405 1165 securius
423 1128 523 1163 foras
538 1127 726 1171 extendat,
737 1137 823 1163 cum
835 1138 937 1163 secu-

155 1187 238 1212 ram
258 1176 356 1212 intra
374 1186 413 1211 se
432 1175 627 1221 reliquerit
649 1173 932 1211 conscientiam.

156 1224 252 1267 Quid
283 1225 392 1267 enim,
412 1221 546 1268 iuquit,
564 1223 712 1268 prodest
731 1223 882 1261 homini.
904 1223 937 1257 si

155 1271 331 1306 mundam
356 1272 565 1305 universum
589 1271 771 1313 lucr-etum
806 1271 937 1305 animae

155 1329 237 1354 vero
257 1328 330 1353 suae
350 1318 606 1353 detrimentum
630 1318 799 1363 patiatur
819 1318 835 1350 ἵ)
864 1317 937 1353 Sed

155 1368 192 1401 et
216 1364 363 1401 ordinis
384 1364 497 1409 exigit
517 1364 629 1407 ratio,
657 1367 696 1400 ut
718 1363 780 1410 qui
809 1364 856 1400 ad
878 1362 934 1400 sni

158 1422 372 1448 mensuram
385 1411 612 1457 proximnmj
621 1411 753 1446 ubetur
765 1410 936 1456 diligere,

156 1459 259 1506 prius
283 1458 525 1503 semetipsum
550 1458 706 1503 diligere
729 1457 840 1493 norit.
865 1460 935 1494 lta-

157 1518 231 1552 que
260 1507 334 1541 (luo
358 1510 457 1550 sunt,
486 1516 569 1551 quae
592 1508 674 1550 post
700 1508 852 1551 peccata
870 1507 937 1541 lio-

157 1564 243 1590 nam
259 1553 418 1589 reddunt
436 1552 703 1589 comt-ienuam
722 1564 729 1588 ι
749 1553 933 1598 poenitere

154 1601 201 1637 de
235 1600 354 1645 malis,
376 1603 413 1636 ct
440 1599 630 1636 abstinere
660 1610 683 1635 a
711 1600 840 1644 inalis;
865 1600 936 1635 hoc

154 1652 224 1693 est,
238 1652 278 1684 ut
297 1648 411 1684 verba
432 1648 565 1694 loquar
584 1646 683 1683 beati
700 1647 886 1694 Gregorii,
899 1650 937 1684 et

153 1694 354 1731 commissa
379 1696 484 1739 llere,
509 1698 546 1730 et
580 1694 707 1730 flenda
729 1705 805 1731 non
832 1706 934 1732 com-

153 1743 315 1787 mittere,
335 1741 401 1778 sed
422 1743 555 1778 horum
576 1745 753 1778 neutrum
775 1742 931 1779 suflicit.

152 1790 352 1835 Utriusque
372 1789 520 1825 virtutIs
541 1791 635 1825 bene
657 1790 830 1826 conscius
852 1790 933 1826 ani·

152 1848 251 1881 mus,
271 1847 401 1872 secure
424 1837 504 1883 Jam
525 1838 690 1883 seipsum
711 1837 877 1882 deserat,
899 1843 938 1874 et

152 1884 430 1931 quodammodo
460 1884 607 1929 perdat,
630 1889 670 1920 ut
698 1884 793 1921 alios
820 1885 935 1921 lucri-

152 1932 266 1968 faciat
288 1942 296 1966 :
320 1944 337 1964 »
358 1932 437 1966 htec
450 1932 675 1967 Bernarttus.

202 1994 223 2026 9
244 1979 346 2022 Qui-iu
371 1989 503 2014 cmvii
528 1990 646 2014 CULPAE
677 1990 719 2014 ET
752 1990 934 2015 summm

158 2026 420 2062 rnnmronuul
444 2045 489 2052 --
513 2027 678 2062 Caveant
704 2030 829 2062 autem
869 2038 932 2070 pa-

155 2076 276 2109 stores
297 2076 333 2109 et
352 2073 496 2118 praelati
521 2085 567 2109 ne
583 2072 753 2110 subditos
774 2073 932 2111 scanda-

155 2120 282 2165 lizent,
304 2120 361 2156 vel
382 2120 435 2156 eis
450 2120 686 2157 occasionem
706 2121 825 2157 ruinze
840 2132 934 2168 prae-

156 2168 280 2204 beant.
307 2170 368 2205 Vae
384 2167 485 2204 enim
506 2172 658 2204 aeternae
675 2169 931 2205 damnationis

155 2216 292 2250 homini
309 2216 366 2250 illt
382 2215 569 2260 imminet,
581 2227 645 2261 per
659 2227 763 2262 quem
778 2217 930 2252 scanda-

155 2263 231 2298 lum
250 2264 361 2306 venit,
377 2265 413 2298 et
427 2263 642 2299 animarum
661 2263 828 2309 pericula
846 2274 930 2310 pro-

154 2309 304 2345 cedunt.
333 2310 441 2354 Nam,
463 2310 669 2347 secundum
703 2311 930 2356 Gregorium,

150 2358 206 2392 tot
226 2355 410 2392 mortibus
431 2357 577 2403 praelati
597 2357 701 2403 digni
719 2363 818 2402 sunt,
835 2361 926 2404 quot

148 2403 197 2440 ad
211 2403 380 2439 subditos
400 2414 490 2440 suos
510 2404 732 2450 perditionis
754 2405 924 2452 exempla

145 2450 423 2494 transmittunt3
447 2454 498 2494 et,
516 2453 724 2488 secundum
743 2452 921 2496 Augusta·-

141 2508 242 2543 mcm,
267 2496 331 2543 qui
359 2499 505 2533 animas
533 2499 580 2534 ad
604 2500 835 2544 peccandum
856 2500 916 2535 in-

141 2545 350 2589 flammant,
372 2544 477 2580 etsie
495 2554 557 2580 eas
578 2547 653 2580 Deo
675 2547 915 2591 subtrahunt,

139 2592 259 2638 magis
289 2595 456 2637 peccant,
483 2595 519 2627 et
550 2592 668 2637 magis
698 2595 913 2638 punientur,

143 2649 258 2684 quam
286 2638 351 2685 qui
381 2648 534 2674 carnem
556 2639 693 2675 Christi
721 2639 917 2675 crucifixe-

141 2690 248 2730 runt;
269 2690 318 2730 et,
333 2686 540 2721 secundum
559 2687 753 2730 Isidorum,
771 2686 831 2732 qni
852 2698 913 2722 ex-

144 2734 277 2779 emplis
294 2733 408 2769 vitam
424 2743 620 2778 moresque
632 2734 818 2769 bonorum
838 2745 916 2769 cor-

146 2783 337 2826 rumpunt,
350 2780 555 2816 deteriores
569 2784 657 2815 sunt
669 2779 739 2816 his.
754 2781 815 2826 qui
831 2782 916 2818 sub-

148 2827 306 2864 stantias
322 2827 482 2864 aliorum
495 2826 710 2874 praediaque
721 2827 914 2874 diripiunt.

617 208 763 242 PRIMAE
803 206 967 241 PARTIS
1005 205 1142 239 CAPUT
1180 205 1357 242 LXXXVI

1032 273 1116 324 Non.
1139 275 1368 318 praesumant
1393 274 1487 310 tales
1510 274 1556 311 de
1576 274 1801 321 quibusdam

1027 319 1183 364 justitiis
1202 323 1238 355 et
1258 321 1434 366 operibus
1453 322 1544 367 suis,
1565 332 1633 358 nec
1651 326 1804 369 sperent

1031 365 1182 412 salvari,
1193 367 1277 403 aliis
1286 369 1596 415 neglectis.Nain,
1611 373 1647 405 ut
1657 370 1709 405 ait
1719 371 1804 406 Gre-

1030 415 1180 457 yorz'us:
1206 429 1224 447 «
1242 415 1340 451 Nihil
1361 416 1395 452 ei
1422 428 1489 453 sua
1505 416 1653 463 justitia
1668 418 1802 453 suffra-

1030 463 1153 507 gatur,
1166 461 1212 497 de
1223 463 1328 509 eujus
1345 474 1463 500 manu
1477 465 1603 500 anima
1612 464 1805 510 pereuntis

1030 509 1222 553 exigetur:
1241 523 1259 543 »
1286 511 1367 547 haec
1399 512 1606 557 Greqorius.
1633 511 1735 548 Unde
1769 513 1806 547 et

1029 555 1330 600 Chrysostomus:
1359 559 1591 604 «Sacerdos,
1618 557 1689 594 etsi
1719 568 1804 604 pro-

1028 603 1150 649 priam
1164 603 1260 640 bene
1274 604 1549 652 dispensaverit
1567 606 1696 651 vitam,
1712 605 1808 642 alio-

1028 659 1112 686 rum
1123 661 1210 687 vero
1222 661 1298 688 non
1309 662 1392 689 cum
1404 652 1597 700 diligentia
1608 663 1736 689 curam
1746 653 1809 689 ha·

1027 696 1164 743 buerit,
1186 709 1272 735 cum
1291 700 1513 746 perniciosis
1535 701 1575 737 in
1596 702 1807 747 gehennam

1024 744 1128 781 vadit
1144 757 1152 781 ε
1171 758 1189 780 »
1206 747 1285 782 haec
1304 748 1590 792 chrysostomus.
1602 748 1807 784 Attendant

1024 791 1137 828 ctiam
1146 796 1330 839 pastores,
1341 794 1428 841 quia
1438 795 1671 831 subditorum
1681 795 1806 842 culpas

1022 840 1803 889 Deusperipsosprielatosleviusvindicat3

1021 887 1088 923 sed
1108 888 1350 933 praelatorum
1364 890 1462 926 mala
1476 900 1542 936 per
1560 889 1804 936 semetipsum

1019 935 1172 980 gravius
1182 936 1347 972 damnat.
1362 938 1462 973 Unde
1474 940 1686 982 (J'reyoriusz
1704 936 1801 980 «Qui

1018 982 1129 1017 modo
1153 982 1390 1020 subditorum
1412 985 1539 1031 culpas
1567 996 1632 1031 per
1654 994 1799 1031 prtepo-

1016 1033 1121 1074 sitos‚
1151 1030 1356 1076 ulciscitur,
1389 1035 1477 1068 tunc
1508 1034 1798 1079 praepositorum

1015 1077 1115 1112 mala
1149 1087 1217 1123 por
1245 1079 1489 1125 semetipsum
1514 1081 1671 1115 saeviens
1693 1079 1799 1115 dam-

1013 1125 1131 1160 nabit.
1143 1126 1347 1162 Attendant
1361 1131 1488 1163 autem
1502 1126 1640 1164 subditi
1657 1137 1702 1162 ne
1716 1137 1801 1173 pro-

1014 1176 1096 1217 pter
1115 1173 1347 1218 negligentes
1369 1178 1405 1210 et
1425 1175 1541 1211 malos
1562 1178 1750 1221 pastores,
1773 1184 1796 1210 a

1012 1229 1125 1255 cursu
1153 1220 1371 1257 certaminis
1398 1221 1468 1258 sibi
1490 1221 1673 1268 propositi
1698 1221 1791 1257 deli-

1012 1265 1126 1311 ciant,
1148 1267 1215 1303 sed
1245 1269 1472 1314 aspicientes
1504 1269 1543 1305 in
1569 1271 1712 1314 Jesum,
1735 1272 1792 1304 to-

1012 1314 1085 1366 tius
1107 1312 1197 1350 boui
1215 1316 1425 1367 speculum,
1448 1316 1578 1353 talium
1599 1316 1713 1352 etiam
1728 1316 1794 1362 ju-

1012 1361 1150 1397 dicium
1164 1365 1350 1406 patienter
1364 1375 1453 1399 num
1466 1363 1690 1410 snscipiant3
1708 1363 1796 1409 quia

1012 1412 1100 1444 tunc
1118 1410 1361 1455 postmodum
1380 1421 1454 1447 non
1476 1412 1669 1448 habebunt
1691 1411 1793 1446 aliud

1007 1455 1207 1501 judicium,
1235 1467 1319 1493 cum
1353 1469 1427 1494 non
1453 1459 1583 1505 puniat
1610 1460 1706 1494 Deus
1737 1458 1796 1494 his

1013 1504 1051 1538 in
1080 1503 1257 1549 idipsum.
1281 1518 1299 1537 »
1325 1506 1427 1541 Unde
1449 1515 1561 1552 super
1589 1505 1681 1541 illud
1712 1515 1795 1541 vcr-

1012 1551 1103 1587 buzn
1129 1550 1234 1587 lsaize
1258 1563 1266 1587 :
1290 1553 1480 1598 Numquid
1501 1557 1576 1589 tota
1595 1554 1654 1588 (tte
1671 1553 1795 1589 arabit

1012 1609 1137 1643 arans,
1154 1602 1194 1634 ut
1207 1603 1318 1645 serat,
1331 1601 1521 1645 poseindet
1538 1602 1715 1636 etsarriet
1730 1601 1796 1635 Ιιιι-

1012 1657 1109 1681 mwn
1141 1656 1259 1689 suam,
1288 1648 1387 1683 ete?
1413 1650 1466 1683 sic
1494 1647 1583 1684 dicit
1609 1648 1796 1694 glossator

1012 1694 1183 1729 Hermus
1207 1705 1214 1730 :
1240 1708 1259 1727 «
1280 1695 1331 1730 De
1357 1694 1461 1731 milio
1487 1699 1614 1731 autem
1641 1698 1678 1731 et
1700 1694 1796 1732 vicia

1013 1751 1088 1776 non
1121 1740 1211 1777 dicit
1238 1744 1359 1778 textus
1390 1753 1438 1778 an
1468 1745 1679 1787 trituretur,
1707 1742 1796 1790 quia

1011 1788 1172 1834 subJ'ecti
1193 1789 1376 1835 qnotidie,
1398 1790 1443 1826 dc
1465 1789 1542 1826 suis
1569 1790 1715 1826 actibus
1734 1790 1792 1826 in-

1010 1835 1146 1880 firmis,
1174 1846 1240 1882 per
1276 1838 1454 1883 prietates
1478 1837 1712 1884 judicantur.
1747 1838 1792 1873 Et

1010 1882 1040 1918 si
1061 1893 1230 1928 praesens
1246 1883 1434 1929 judicium
1454 1885 1643 1931 patienter
1660 1895 1788 1921 snsce-

1008 1930 1146 1976 perint‚
1162 1941 1206 1966 ac
1218 1931 1265 1966 de
1277 1935 1400 1967 cetero
1414 1942 1537 1968 mores
1553 1942 1640 1968 snos
1654 1942 1786 1968 emen-

1008 1977 1193 2022 daverint,
1205 1989 1280 2014 non
1294 1980 1684 2026 ultrajnilicabuntum
1695 1980 1790 2016 alio-

1008 2024 1100 2071 quin
1127 2027 1163 2061 et
1186 2025 1255 2072 ipsi
1286 2026 1430 2072 praelati
1453 2027 1736 2072 judicabuntur.
1767 2038 1786 2062 »

1006 2072 1213 2109 Attendant
1234 2072 1348 2110 etiam
1364 2074 1503 2110 subditi
1525 2078 1562 2110 et
1584 2073 1786 2110 humilien-

1010 2123 1081 2165 tur,
1104 2119 1192 2166 quia
1210 2120 1378 2157 defectus
1401 2125 1439 2157 et
1464 2121 1696 2167 negligentia
1720 2131 1787 2168 pa·-

1011 2170 1155 2203 stornm
1202 2178 1301 2214 saepe
1331 2169 1554 2214 proveniunt
1579 2168 1625 2204 de
1646 2167 1791 2206 meritis

1008 2214 1258 2259 subditorum,
1278 2218 1314 2251 et
1332 2226 1354 2251 a
1375 2218 1450 2252 Deo
1475 2216 1612 2251 idcirco
1636 2216 1788 2262 permit-

1004 2265 1150 2305 tuntur,
1178 2261 1267 2308 quia
1298 2262 1420 2298 bonos
1446 2266 1617 2309 pastores
1645 2263 1787 2300 habere

1003 2320 1082 2345 non
1111 2312 1314 2345 merentur.
1343 2309 1445 2346 Unde
1467 2311 1661 2355 Gregorius
1682 2311 1783 2347 clero

1001 2356 1282 2401 Med101anensi‚
1298 2360 1490 2402 pastorem
1515 2359 1562 2394 ab
1584 2367 1628 2394 eo
1653 2361 1782 2404 postu-

999 2403 1106 2449 lanti,
1131 2401 1229 2440 inter
1249 2407 1373 2440 cetera
1399 2404 1527 2441 scribit
1551 2415 1559 2442 :
1583 2417 1601 2439 «
1627 2405 1781 2442 Verum-

998 2453 1139 2494 tamen,
1162 2451 1250 2497 quia
1271 2451 1436 2498 antiquae
1464 2462 1557 2488 meae
1585 2451 1774 2490 delibera-

997 2497 1111 2534 tionis
1130 2496 1287 2534 intentio
1309 2503 1378 2543 est,
1395 2500 1442 2535 ad
1458 2499 1696 2545 suscipienda
1712 2511 1775 2546 pa-

995 2544 1146 2581 storalis
1167 2555 1267 2581 curie
1292 2555 1422 2590 onera,
1443 2556 1509 2592 pro
1531 2545 1668 2583 nullius
1696 2556 1772 2584 um-

996 2602 1111 2638 quam
1141 2591 1291 2628 misceri
1328 2603 1511 2638 persona,
1544 2593 1780 2630 orationibus

995 2650 1201 2685 prosequar
1241 2639 1464 2676 electionem
1505 2644 1689 2686 vestram,
1737 2645 1776 2678 ut

993 2687 1230 2732 omnipotens
1255 2687 1353 2722 Dens
1377 2689 1488 2723 talem
1510 2686 1613 2724 vohis
1640 2691 1770 2734 pasto-

992 2743 1071 2769 rem
1091 2736 1269 2779 praeheat‚
1292 2733 1330 2769 in
1352 2736 1455 2780 quus
1477 2735 1604 2781 lingua
1630 2739 1667 2770 et
1693 2745 1769 2771 mo-

990 2780 1095 2816 ribus
1132 2780 1402 2817 exhortationis
1446 2782 1584 2818 divinae
1627 2792 1765 2827 pascua

993 2825 1147 2864 valeatis
1165 2826 1346 2864 invenire.
1368 2829 1454 2876 Sed,
1469 2829 1558 2875 quia
1567 2829 1673 2876 Juxta
1693 2839 1767 2866 me-
