1894 3186
119 188 179 220 340
606 180 748 213 PRIMAE
786 178 945 213 PARTls
985 178 1123 210 CAPUT
1164 177 1256 210 XCll

121 254 210 291 latio
233 251 438 298 religionis.
463 249 630 285 Primum
657 251 711 284 est
729 249 891 292 erroris3

119 300 340 342 secundum,
353 295 617 340 simulationis;
632 295 800 339 tertium,
811 305 892 341 pra-

116 349 150 385 vi
173 346 300 384 moris.
327 344 508 388 Primum,
546 342 752 389 corrumpit
781 342 895 378 ratio-

114 405 226 439 nem3
256 392 480 435 secundum,
505 390 780 434 intentionem3
821 393 895 425 ter-

113 444 221 486 tium,
249 439 525 487 operationem.
548 439 601 474 De
620 437 679 473 his
699 436 821 472 tribus
841 435 895 471 di-

113 490 163 526 cit
181 488 381 535 Apostolus
411 488 520 523 :Non
544 486 584 521 in
602 486 777 529 fermento
805 486 895 518 vete-

114 539 162 582 ri,
175 538 355 583 quantum
367 533 415 570 ad
435 532 597 580 primum
613 543 622 577 ;
634 542 747 576 neque
765 532 804 565 in
816 531 894 573 fer-

113 587 231 620 mento
252 583 436 628 nequitiae,
459 582 642 626 quantum
673 578 720 614 ad
751 587 895 629 secun—

117 631 207 667 dum
222 643 233 674 ‚-
252 633 285 666 et
295 630 461 672 malitiae,
472 630 652 673 quantum
667 625 714 660 ad
727 627 894 659 tertium.

116 678 198 724 Vel,
227 676 432 713 secundum
450 674 650 720 quosdam.
665 672 895 707 fermentum

117 724 275 762 Herodis
299 726 408 759 vocat
440 720 554 757 etiam
583 718 797 755 doctrinam
816 728 897 753 cor-

117 775 307 819 ruptivam
345 768 662 810 Herofflanorum,
692 764 896 801 dicentium

117 819 303 856 Herodem
338 815 541 853 Christum.
570 812 634 849 Isti
675 812 893 856 Herodiani,

117 866 324 903 secundum
355 873 434 907 eos,
466 862 616 897 suerunt
651 860 805 905 quidam
836 861 897 895 Ju-

116 913 203 957 daei,
228 912 414 957 fingentes
435 908 640 954 quamdam
662 910 803 942 sectam
826 917 894 942 no-

115 971 215 1004 vam,
237 959 404 994 dicentes
426 956 471 992 de
493 954 640 991 Herode
661 953 894 998 Ascalonita,

117 1008 217 1053 quod
236 1008 317 1042 erat
338 1003 507 1047 Messias,
536 1001 627 1038 moti
651 1001 744 1037 salso
781 1001 896 1036 intel-

116 1056 217 1090 lectu
238 1052 339 1089 illius
367 1050 467 1098 quod
493 1049 629 1086 dicitur
661 1048 701 1084 in
731 1047 894 1084 Genesi:

115 1104 196 1140 Non
217 1101 405 1144 auferetur
424 1101 585 1142 sceptum
603 1096 646 1132 de
670 1096 781 1140 Juda,
800 1098 894 1140 etc.;

116 1149 182 1186 ubi
203 1147 340 1184 dicitur
361 1145 461 1191 quod
481 1144 619 1181 ablatio
638 1142 744 1189 regni
759 1153 781 1178 a
795 1142 896 1179 tribu

116 1195 224 1232 Judae
241 1196 322 1230 erat
347 1192 497 1238 signum
524 1191 708 1227 adventus
734 1189 894 1226 ltlessiae.

118 1244 191 1279 Iste
211 1245 337 1278 autem
358 1239 525 1276 Herodes
547 1237 711 1274 obtinuit
736 1246 896 1283 regnum

117 1289 225 1335 illud,
255 1298 338 1325 cum
382 1290 509 1322 tamen
540 1284 771 1329 alienigena,
809 1283 897 1329 quia

118 1340 227 1383 pater
247 1335 327 1382 ejus
346 1333 414 1370 suit
433 1333 634 1375 Idumaeus,
651 1335 687 1367 et
701 1331 788 1377 quia
800 1332 895 1366 Mes-

119 1384 215 1420 siam
255 1380 482 1429 promissum
542 1378 803 1424 intelligebant
843 1377 895 1413 illi

119 1440 282 1477 regnare
315 1426 586 1472 temporaliter,
617 1436 685 1461 nec
721 1425 897 1460 videbant

120 1478 235 1515 alium
275 1479 364 1512 tunc
405 1484 563 1520 regnare
601 1472 639 1507 in
660 1472 803 1516 Judoea,
828 1471 896 1506 nisi

119 1526 219 1561 hunc
247 1522 453 1565 Herodem3
486 1520 570 1556 ideo
605 1520 780 1555 dixerunt
812 1529 896 1554 eum

120 1583 201 1609 esse
226 1569 414 1611 Messiam,
449 1578 532 1603 cum
555 1571 680 1603 tamen
702 1565 899 1612 prophetia

118 1619 235 1656 Jacob
248 1616 442 1665 praedicta,
455 1620 568 1656 esset,
590 1614 793 1650 secundum
807 1612 900 1648 veri—

118 1670 249 1708 tatem,
277 1664 324 1701 de
350 1663 513 1707 Christo,
546 1665 713 1707 tempore
741 1659 898 1695 Herodis

116 1719 221 1758 nato,
247 1710 509 1757 intelligenda.
533 1709 588 1744 Ab
610 1708 669 1744 his
700 1718 789 1753 ergo
818 1718 895 1743 om-

116 1760 227 1798 nihus
251 1761 377 1795 monet
394 1756 598 1803 discipulos
619 1766 765 1799 cavere,
790 1765 837 1790 ne
858 1754 897 1789 in

117 1807 175 1844 his
195 1804 447 1847 consentiant,
484 1803 541 1839 vel
569 1803 648 1838 haec
684 1802 722 1838 in
749 1801 803 1838 eis
834 1812 898 1847 ap-

116 1854 329 1902 probando,
352 1851 409 1887 vel
436 1851 474 1886 in
515 1849 573 1885 his
601 1860 664 1885 eos
695 1848 894 1884 imitando.

115 1904 197 1940 Non
218 1900 320 1938 enim
348 1897 552 1934 vivendum
573 1901 629 1932 est
655 1898 695 1931 in
718 1897 896 1940 fermento

116 1950 244 1994 veteri,
267 1949 451 1994 quantum
469 1945 516 1980 ad
528 1953 744 1990 perversam
763 1941 899 1978 doctri-

118 2005 235 2039 nam;
275 2004 388 2040 neque
428 1995 467 2028 in
508 1993 684 2035 fermento
729 1990 897 2034 malitiae,

120 2047 301 2090 quantum
333 2041 380 2076 ad
411 2049 557 2075 morum
599 2037 837 2084 pravitatem,
866 2041 899 2072 et

120 2090 305 2136 nequitiae,
328 2090 508 2134 quantum
533 2086 580 2121 ad
615 2085 829 2121 simulatam
846 2085 900 2130 ju-

125 2136 288 2180 stitiam;
321 2135 383 2170 sed
416 2136 455 2169 in
488 2134 628 2178 azymis
659 2134 897 2175 sinceritatis,

121 2184 245 2231 quoad
271 2182 385 2218 vitam
407 2185 444 2217 et
462 2180 726 2224 intentionem,
746 2182 779 2214 et
802 2181 899 2214 vert-

122 2233 224 2274 tatis‚
248 2229 372 2277 quoad
393 2227 618 2264 doctrinam.

170 2282 193 2322 4
214 2279 335 2314 Emmn
353 2277 617 2312 Arosrotonun
638 2285 775 2310 DUPLEX
795 2285 901 2310 neru-

121 2336 248 2362 TATun.
283 2343 328 2350 -
359 2324 408 2358 At
442 2323 513 2363 illi,
548 2321 585 2357 id
615 2325 671 2357 est
710 2321 897 2367 discipuli,

120 2372 261 2410 dictum
284 2369 433 2406 Domini
453 2368 709 2414 intelligentes
736 2369 781 2404 (le
802 2379 897 2414 pane

118 2420 343 2456 fermentato
377 2420 414 2452 et
455 2415 655 2460 materiali,
690 2416 898 2460 coqitabant

116 2469 217 2503 intra
251 2476 288 2502 se
324 2465 507 2508 dicentes,
547 2464 712 2509 quodam
751 2463 897 2498 occulto

117 2523 324 2556 murmure,
340 2513 428 2556 quia
442 2520 554 2556 panes
574 2521 644 2546 non
665 2511 898 2555 accepimus?

117 2563 195 2597 Hoc
219 2560 303 2596 ideo
331 2557 434 2602 dicit,
462 2556 550 2603 quia
578 2568 653 2592 non
685 2557 762 2592 vult
797 2557 897 2602 quod

116 2608 163 2644 de
172 2617 270 2654 pane
281 2604 556 2642 Pharisaeorum
569 2603 792 2639 fermentato
804 2603 898 2639 acci-

114 2655 277 2702 piamus.
295 2653 481 2689 Putabant
499 2650 599 2687 euim
622 2661 661 2685 se
683 2661 764 2686 esse
783 2650 895 2686 tacite

115 2705 269 2738 notatos
289 2700 335 2736 de
352 2709 490 2746 panum
511 2697 713 2741 oblivione,
739 2701 775 2732 et
796 2698 895 2743 quod

113 2749 161 2786 ad
196 2748 375 2791 litteram,
396 2747 442 2783 de
465 2756 564 2792 pane
588 2745 813 2780 fermentato
836 2745 893 2780 lo-

117 2798 309 2844 queretur,
338 2805 385 2832 ne
419 2794 465 2830 ab
500 2792 553 2829 eis
590 2791 827 2838 acciperent:
849 2803 893 2827 eo

967 247 1067 292 quod
1094 257 1212 292 panes
1245 256 1371 282 secum
1398 258 1473 282 non
1494 247 1740 292 accepissent.

967 295 1153 330 Errabant
1190 292 1358 339 Apostoli
1390 292 1429 328 in
1457 293 1601 329 duobus
1627 294 1742 340 :quia

968 344 1005 377 et
1025 341 1071 376 de
1098 350 1240 386 panum
1266 340 1412 376 defectu
1438 340 1676 384 dubitabant,
1698 351 1742 377 eo

968 388 1068 433 quod
1101 398 1218 433 panes
1246 398 1321 423 non
1347 387 1571 432 attulerant3
1597 391 1634 423 et
1657 388 1744 433 quia

968 436 1124 471 verbum
1145 433 1292 470 Domini
1308 434 1353 470 de
1370 434 1554 471 fermento
1577 435 1624 470 ad
1645 434 1743 470 litte—

968 492 1049 518 ram
1073 481 1283 528 capiebant.
1307 480 1432 517 Primo
1457 492 1546 527 ergo
1572 492 1744 527 arguun—

968 533 1029 565 tur
1049 529 1095 565 de
1114 528 1251 575 primo,
1275 527 1416 565 scilicet
1437 529 1536 574 quod
1562 529 1746 565 timebant

967 575 1077 622 panis
1097 576 1284 612 defectum
1305 576 1523 612 materialis.
1541 577 1666 612 Sciens
1683 587 1744 611 au-

969 627 1040 659 tem
1075 625 1177 659 Jesus
1214 622 1461 668 cogitationes
1488 633 1633 668 eorum,
1654 627 1747 659 tam-

969 681 1082 716 quam
1095 672 1208 715 Deus,
1229 669 1353 715 arguit
1366 680 1431 705 eos
1450 670 1496 705 de
1517 670 1605 706 fidei
1624 669 1744 706 modi-

970 717 1095 762 citate,
1118 717 1220 763 quia,
1245 728 1289 753 eo
1311 721 1510 762 praesente,
1533 727 1577 752 ac
1599 728 1683 753 cum
1704 728 1747 753 eo

970 764 1152 801 timebant
1168 774 1278 810 posse
1299 774 1423 809 egere,
1447 767 1482 799 et
1500 764 1598 799 dimit
1620 777 1630 798 :
1652 764 1748 807 Quid

971 814 1141 856 cogitatis
1163 814 1261 846 intra
1281 822 1342 846 vos
1362 811 1510 846 modicae
1536 811 1636 856 fidei,
1659 812 1748 856 quia

966 870 1081 905 panes
1114 870 1185 894 non
1218 858 1372 900 habetis,
1394 861 1431 893 et
1460 868 1520 893 me
1545 857 1681 893 dixisse
1701 858 1747 894 de

970 905 1128 952 panibus
1148 904 1323 948 terrenis,
1346 905 1390 940 de
1409 904 1545 950 quibus
1574 905 1745 941 dubitare

970 964 1046 989 non
1068 952 1256 989 deberetis
1270 952 1288 988 ‘2
1309 953 1448 988 Panem
1471 952 1571 996 vitae,
1589 963 1671 998 quae
1692 955 1750 988 est

970 1011 1083 1037 causa
1101 999 1269 1036 omnium
1288 1010 1444 1046 panum,
1467 1010 1592 1035 secum
1631 1000 1747 1035 habe-

970 1048 1080 1092 bant;
1100 1050 1136 1083 et
1156 1046 1241 1083 ideo
1260 1047 1305 1083 de
1326 1057 1464 1092 panum
1480 1047 1626 1082 defectu
1642 1045 1746 1083 dubi-

970 1098 1051 1131 tare
1085 1106 1161 1130 non
1195 1094 1394 1130 debebant.
1419 1095 1496 1129 Hoc
1526 1098 1666 1138 autem,
1687 1104 1748 1130 se-

971 1142 1135 1178 cundum
1163 1142 1468 1185 Chrysostomum,
1488 1140 1668 1177 Dominus
1694 1141 1747 1177 fa-

970 1190 1032 1233 cit,
1054 1193 1093 1225 ut
1119 1188 1410 1225 sollicitudinem
1437 1198 1607 1224 escarum
1625 1189 1672 1224 ab
1696 1187 1750 1223 eis

970 1236 1134 1283 abjiciat.
1162 1235 1272 1279 Quasi
1295 1235 1366 1271 illis
1384 1234 1526 1271 diceret
1546 1246 1554 1271 :
1577 1237 1621 1270 Et
1642 1234 1748 1271 sactis

970 1283 1065 1319 meis
1078 1282 1380 1330 praecedentibus
1396 1285 1431 1318 et
1444 1281 1616 1318 doctrina
1633 1282 1746 1318 debe-

970 1330 1061 1367 retis
1079 1330 1131 1365 sic
1148 1341 1230 1366 esse
1244 1328 1460 1373 illuminati,
1474 1329 1573 1375 quod
1588 1330 1743 1365 verbum

970 1388 1096 1414 meum
1118 1376 1378 1422 intelligeretis
1398 1387 1474 1412 non
1492 1377 1538 1412 de
1559 1387 1655 1422 pane
1670 1387 1745 1412 ina-

970 1424 1107 1467 teriali,
1139 1423 1226 1469 quia
1264 1424 1310 1459 de
1344 1424 1415 1458 hoc
1446 1434 1601 1469 possum
1639 1423 1745 1459 vobis

971 1471 1202 1507 sufficienter
1232 1470 1443 1516 providere.
1466 1470 1573 1513 Quod
1611 1471 1744 1516 probat

971 1518 1108 1565 duplici
1131 1517 1315 1562 exemplo,
1336 1516 1375 1552 in
1396 1528 1468 1563 quo
1490 1528 1664 1563 magnam
1684 1528 1748 1563 po-

971 1568 1047 1612 puli
1070 1565 1345 1601 multitudinem
1377 1564 1523 1600 satiavit
1555 1575 1670 1610 parvo
1693 1564 1745 1600 ci-

972 1615 1031 1649 bo.
1048 1613 1151 1648 Unde
1171 1611 1314 1658 subditi:
1332 1612 1500 1649 Nondum
1520 1613 1744 1656 intellimus,

972 1659 1112 1696 scilicet
1129 1659 1368 1706 mysterium3
1389 1669 1476 1694 nam
1496 1658 1524 1695 si
1544 1669 1611 1705 per
1628 1669 1745 1705 panes

970 1707 1195 1753 intelligitur
1216 1705 1389 1742 doctrina
1409 1717 1514 1751 sana,
1533 1705 1747 1742 necessario

970 1765 1038 1801 per
1059 1755 1285 1789 fernientum
1308 1753 1528 1798 intelligitur
1548 1758 1746 1799 corrupta;

970 1813 1084 1847 neque
1103 1801 1361 1844 recordamini,
1379 1799 1521 1836 scilicet
1541 1800 1689 1836 virtutis
1711 1801 1747 1836 in

971 1848 1282 1895 multiplicatione
1313 1858 1465 1893 panum,
1488 1847 1590 1883 unde
1621 1846 1746 1893 sequi-

971 1899 1047 1941 tur,
1068 1897 1228 1941 quinque
1243 1906 1395 1941 panum,
1411 1894 1554 1930 scilicet
1574 1894 1750 1931 distribu—

970 1946 1112 1987 torum,
1133 1944 1173 1978 in
1202 1944 1362 1988 quinque
1391 1943 1512 1977 millia
1545 1943 1744 1986 hominum,

972 1994 1006 2026 et
1033 1993 1119 2036 quot
1148 1991 1319 2035 cophinos
1347 1990 1571 2035 sumpsistis,
1590 1989 1636 2024 de
1658 1989 1748 2025 resi-

971 2038 1072 2074 duo?
1092 2039 1215 2082 Neque
1249 2039 1383 2083 septem
1415 2047 1568 2082 panum,
1605 2036 1747 2072 scilicet

971 2084 1272 2128 distributorum,
1293 2085 1332 2119 in
1355 2087 1512 2129 quatuor
1535 2084 1655 2119 millia
1682 2085 1746 2119 1ιο-

972 2134 1125 2176 minum,
1161 2134 1195 2167 et
1236 2134 1324 2176 quot
1355 2134 1499 2176 sportas
1536 2132 1746 2176 sumpsistis

973 2176 1299 2226 fragmentorum?
1320 2177 1477 2213 Reducit
1499 2188 1562 2213 eos
1589 2178 1636 2213 ad
1668 2188 1745 2213 me-

974 2226 1132 2262 moriam
1152 2224 1418 2261 miraculorum
1448 2225 1493 2260 de
1523 2223 1687 2270 quinque
1708 2228 1743 2260 et

974 2276 1116 2320 septem
1155 2272 1329 2319 panibus,
1352 2274 1392 2308 ut
1427 2272 1618 2307 confidant
1647 2272 1743 2317 quod

973 2321 1052 2367 ipse
1087 2322 1214 2367 pascet
1251 2320 1362 2366 ipsos,
1383 2318 1447 2364 qui
1474 2319 1577 2365 pavit
1604 2320 1743 2355 turbas.

973 2367 1085 2411 Quasi
1108 2366 1249 2404 diceret
1271 2378 1278 2402 :
1299 2367 1379 2402 Non
1398 2368 1454 2401 est
1479 2366 1585 2402 vobis
1611 2366 1743 2402 timen-

973 2416 1078 2460 dum,
1108 2425 1191 2450 cum
1229 2414 1275 2449 de
1311 2417 1388 2448 tam
1420 2412 1548 2459 paucis
1586 2413 1746 2459 panibus

972 2466 1095 2498 tantas
1115 2460 1184 2497 feci
1209 2460 1401 2497 abundare
1427 2460 1620 2506 reliquias.
1641 2461 1745 2496 Unde

973 2511 1244 2554 chrysostomus
1263 2520 1274 2543 :
1297 2522 1314 2540 «
1336 2508 1406 2542 Per
1425 2508 1494 2543 hoc
1520 2506 1561 2542 in
1594 2518 1743 2543 memo-

971 2558 1066 2592 riam
1085 2555 1138 2592 eis
1152 2554 1296 2591 reducit
1309 2564 1354 2590 ea
1370 2565 1451 2599 quae
1466 2554 1740 2600 praeterierunt,

971 2607 1008 2639 et
1044 2603 1092 2639 ad
1135 2603 1262 2638 futura
1311 2601 1532 2637 attentiores
1582 2601 1681 2637 facit..
1724 2615 1741 2634 »

971 2650 1112 2686 Deinde
1145 2651 1353 2694 arguuntur
1378 2649 1424 2684 de
1450 2648 1625 2692 secundo,
1649 2648 1743 2683 scili-

970 2701 1029 2734 cet
1054 2697 1153 2744 quod
1173 2696 1361 2732 habebant
1381 2696 1566 2731 defectum
1593 2695 1742 2731 intelle-

970 2749 1050 2780 ctus
1077 2742 1293 2790 spiritualis,
1320 2754 1404 2778 cum
1432 2742 1596 2779 dicitur:
1625 2743 1743 2785 Quare

969 2803 1040 2828 non
1060 2792 1285 2836 intelliqitis.
1306 2789 1447 2826 scilicet
1469 2802 1476 2826 :
1500 2791 1588 2836 quia
1604 2800 1675 2826 non
1697 2790 1741 2826 de
