1894 3186
119 172 140 205 4
602 165 749 199 PRIMAE

123 255 143 276 «
170 240 207 277 Si
228 249 339 286 grave
360 241 554 285 peccatum
580 241 635 274 est
654 238 751 284 quod
773 238 894 283 poeni-

118 288 247 325 tentiae
272 291 345 322 tuae
377 286 551 333 lacrymis
578 286 654 331 ipse
674 285 799 321 lavare
821 295 896 320 non

119 336 252 383 possis
291 335 355 369 flet
388 343 454 379 pro
487 337 524 368 te
561 336 682 368 mater
717 333 894 375 Ecclesia,

121 392 204 428 quae
224 391 290 426 pro
308 380 461 427 singulis
478 383 671 425 tamquam
692 390 756 423 pro
781 379 900 414 unicis

120 429 207 466 filiis
229 427 341 464 vidua
366 431 485 464 mater
509 427 723 466 intervenit.
747 436 897 471 compa-

120 476 213 512 titur
239 476 399 520 quodam
427 474 538 510 modo
564 473 747 518 spirituali
769 473 898 509 dolore

118 525 280 567 naturae,
315 532 398 558 cum
434 532 520 557 suos
555 521 694 556 liberos
726 520 898 555 letalibus

119 569 220 606 vitiis
257 569 305 605 ad
329 572 488 605 mortem
524 568 642 604 cernit
669 567 806 611 urgeri.
836 565 898 601 Vi-

119 626 225 653 scera
243 617 341 651 enim
361 625 487 651 sumus
501 615 545 650 de
559 615 761 650 visceribus
781 614 897 659 ejus.»

123 663 225 700 Unde
241 668 278 699 et
296 664 527 707 Auqustinus
547 675 557 697 .·
579 675 595 695 α
618 663 668 697 De
683 660 819 705 ,juvene
837 659 901 695 illo

119 709 339 747 resuscitato
373 711 500 755 gavisa
530 713 584 744 est
615 711 735 743 mater
768 706 897 751 vidua3

121 757 166 793 de
183 757 397 793 hominibus
415 757 454 792 in
478 756 608 800 spiritu
629 753 795 800 quotidie
818 764 898 789 sus-

121 804 245 840 citatis
279 804 417 851 gaudet
456 807 575 838 mater
613 802 791 837 Ecclesia.
834 801 898 835 Ille

121 851 272 897 quidem
315 855 482 886 mortuus
520 853 600 884 erat
634 858 803 893 corpore,
844 846 899 882 illi

122 902 247 934 autem
268 902 405 933 mente.
436 909 455 930 »

171 947 190 980 5
206 946 376 980 MonTuos
394 954 480 978 Tnes
503 953 702 978 scscerVIT
719 942 896 983 Dominus,

122 1004 164 1029 ET
185 1003 268 1032 QUID
284 1003 349 1027 PER
369 1002 437 1026 Hoc
458 1000 699 1025 SIGNIFICETUR
714 988 901 1024 ?—Mora-

122 1041 209 1076 liter
228 1045 302 1075 tres
321 1043 485 1074 mortuos
505 1038 672 1072 Christus
692 1035 897 1070 suscitavit:

123 1087 285 1135 puellam
327 1086 364 1120 in
399 1085 508 1119 domo
547 1083 723 1125 clausam,
767 1081 804 1116 id
845 1085 900 1115 est

123 1137 314 1171 mortuum
345 1142 411 1177 per
432 1140 653 1166 consensum
681 1128 898 1163 delectatio-

122 1182 181 1218 nis
201 1190 337 1226 pravae,
361 1180 398 1213 in
419 1177 644 1223 cogitatione
677 1185 741 1210 scu
771 1174 900 1209 volun-

122 1231 200 1264 tate
221 1227 344 1263 adhuc
362 1229 502 1260 tectum
518 1224 711 1269 3J'uvenem
727 1221 764 1256 in
778 1224 898 1265 porta,

123 1274 163 1311 id
198 1278 264 1317 est,
292 1277 482 1310 mortuum
517 1281 583 1315 per
603 1273 727 1304 actum
758 1268 900 1312 peccati

123 1321 164 1358 in
182 1321 311 1365 verbo,
332 1325 439 1363 nutu,
462 1318 519 1353 vel
539 1327 652 1361 opere
677 1328 685 1359 ς
720 1316 900 1350 Lazarum

124 1369 164 1405 in
185 1370 396 1414 sepulchro,
420 1366 456 1401 id
477 1368 530 1400 est
549 1368 738 1399 mortuum
763 1361 898 1406 lapide,

124 1416 223 1453 mole
238 1416 379 1451 scilicet
392 1423 513 1459 pravae
529 1409 807 1446 consuetudinis
822 1419 904 1453 pec-

125 1462 234 1500 candi
252 1472 432 1508 pressum,
456 1460 551 1495 male
566 1459 742 1500 olentem,
759 1461 795 1492 et
810 1457 904 1491 alios

124 1509 224 1546 fama
269 1511 584 1552 corrumpentem.
635 1505 771 1540 Omnes
817 1503 904 1538 istos

126 1558 279 1594 suscitat
312 1561 348 1591 et
382 1559 488 1590 sanat
520 1552 711 1595 Dominus,
741 1560 825 1585 cum
857 1551 904 1585 ad

126 1605 246 1650 ipsum
277 1604 437 1639 redeunt
464 1600 646 1637 veraciter
674 1597 902 1644 poenitendo,

127 1656 164 1688 et
188 1654 292 1686 tanto
326 1650 441 1685 levius
470 1648 715 1684 resuscitatur
748 1646 905 1690 quisque

123 1708 193 1745 per
230 1698 403 1743 gratiam,
442 1694 708 1741 quantominus
748 1691 905 1727 mortiti-

129 1749 232 1781 catus
263 1748 317 1779 est
353 1753 418 1788 per
457 1743 617 1786 culpam.
646 1740 750 1774 Unde
780 1739 904 1774 Domi-

128 1802 198 1827 nus
232 1791 392 1835 pucllam
427 1799 551 1824 coram
584 1787 708 1831 paucis
735 1786 779 1820 de
806 1785 904 1820 facili

130 1838 298 1882 suscitat,
325 1837 455 1882 puellae
488 1836 616 1871 dicens
644 1848 652 1869 ε
678 1834 818 1876 Suram
843 1833 904 1877 ju-

130 1895 263 1920 venem
292 1894 417 1919 coram
443 1884 625 1928 pluribus,
652 1884 688 1915 et
708 1880 813 1924 quasi
835 1881 904 1914 ‹lit-

129 1931 279 1973 ficilius,
302 1936 457 1976 tangens
476 1930 669 1971 feretrum,
698 1932 733 1961 ct
752 1928 877 1962 dicens
894 1938 902 1961 :

127 1979 359 2017 Adolescens,
394 1978 462 2012 tibi
494 1977 587 2020 dico,
623 1985 760 2017 stirme,-
793 1975 904 2009 Laza-

129 2036 213 2062 rum
256 2025 503 2067 difficillime„
531 2023 618 2068 quia
660 2032 742 2072 cuin
785 2021 905 2065 lacry-

128 2073 213 2115 mis,
248 2083 330 2107 cum
362 2072 526 2115 fremitu,
560 2079 643 2104 cum
675 2078 731 2102 sui
761 2072 905 2111 pertur-

128 2120 294 2163 batione,
326 2129 409 2153 cum
444 2127 580 2162 magna
613 2125 717 2156 voce,
750 2114 904 2149 dicens:

129 2168 290 2207 Lazwe,
327 2166 408 2199 veni
446 2166 562 2208 foras,
602 2165 638 2196 et
672 2162 776 2207 quasi
822 2172 906 2196 cum

130 2212 268 2250 auxilio
287 2216 323 2247 et
339 2211 554 2246 testimonio
574 2210 829 2255 przescnt'ium,
854 2209 907 2243 di-

134 2270 247 2296 cens:
273 2259 422 2299 Solvite,
459 2261 494 2293 et
529 2259 640 2292 sinite
675 2257 788 2291 abire.
827 2257 907 2291 Non

136 2306 235 2352 quod
258 2306 415 2341 Domino
451 2309 528 2339 tam
550 2303 667 2338 facilis
705 2314 778 2338 non
796 2302 908 2338 suerit

134 2353 366 2389 resuscitatio
386 2352 512 2386 Lazari
525 2351 620 2385 sicut
638 2350 783 2396 puellae,
807 2360 905 2393 cum,

136 2403 179 2436 ut
209 2400 261 2434 ait
288 2400 531 2442 Augustinus,
556 2408 666 2432 nemo
698 2401 773 2431 tam
800 2397 907 2432 facile

137 2446 271 2482 excitat
304 2447 341 2480 in
373 2447 480 2484 lecto,
511 2455 622 2490 quam
667 2444 834 2479 Christus
870 2446 905 2479 in

136 2493 334 2538 sepulchro
352 2506 361 2535 ;
387 2493 450 2527 sed
469 2492 617 2527 Domini
635 2491 730 2526 facta
750 2490 907 2526 aliarum

136 2550 265 2576 rerum
300 2544 386 2574 sunt
422 2539 601 2583 exempla.
648 2539 774 2583 Longa
809 2539 906 2573 enim

138 2587 406 2623 consuetudine
450 2595 603 2631 pressus,
639 2586 697 2619 vix
726 2588 762 2619 et
805 2584 907 2629 quasi

138 2643 223 2669 cum
242 2634 370 2669 labore
394 2633 604 2668 suscitatur.
632 2632 713 2675 Qui,
734 2635 772 2665 ut
793 2631 906 2666 susci-

137 2683 252 2724 tetur,
288 2681 485 2715 Dominum
520 2679 619 2723 cogit
645 2679 841 2723 lacrymari
873 2681 908 2713 ct

139 2727 279 2773 ejulare
302 2738 310 2771 ;
337 2731 372 2761 et
411 2727 508 2769 ideo,
534 2725 620 2760 licet
646 2735 755 2760 omne
777 2735 909 2769 pecca-

140 2777 235 2820 tum,
266 2774 425 2811 maxime
454 2776 583 2809 tamen
614 2772 796 2819 peccandi
821 2781 907 2807 con-

787 165 946 199 PARTIS
984 165 1117 199 CAPUT
1154 163 1266 198 XLIV

971 237 1208 274 suetudinem
1256 237 1385 280 fugere
1421 237 1612 282 debemus
1655 241 1746 286 quia

972 285 1053 321 haec
1070 290 1223 321 sanatur
1239 285 1441 321 difficilius.
1465 285 1568 321 Unde
1587 286 1743 325 Ambro-

971 333 1085 368 sius.-
1119 345 1136 366 «
1171 333 1288 369 Omne
1320 336 1513 377 peccatum
1549 338 1747 371 consuetu-

973 379 1060 414 dine
1080 378 1235 424 vilescit,
1259 383 1296 415 et
1317 379 1359 414 fit
1377 379 1520 414 homini
1543 381 1647 423 quasi
1670 382 1750 418 nul-

974 427 1049 461 lum
1084 425 1130 461 sit
1156 437 1164 470 ;
1191 426 1243 462 sic
1277 429 1314 462 et
1347 436 1366 462 e
1401 436 1595 471 converso,
1624 429 1746 465 omnis

973 474 1091 508 virtus
1129 473 1229 509 bona
1264 473 1534 509 consuetudine
1563 473 1605 509 fit
1641 479 1749 521 grata

975 524 1011 555 et
1045 519 1177 564 facilis,
1223 521 1311 565 quia
1348 520 1441 555 nihil
1474 518 1598 555 differt
1629 531 1749 559 assue-

975 567 1025 602 sci
1057 567 1124 611 sic,
1158 567 1215 601 vel
1250 567 1352 602 sic.»
1389 566 1536 611 Triplex
1577 571 1630 603 est
1661 580 1750 615 ergo

976 624 1076 649 mors
1114 614 1231 659 culpae
1253 613 1445 660 designata
1479 613 1516 647 in
1549 615 1750 659 praedicto-

974 671 1057 696 rum
1083 661 1194 696 trium
1214 665 1348 705 morte,
1370 660 1532 695 scilicet:
1554 666 1747 705 peccatum

975 707 1110 753 cordis,
1151 712 1343 752 peccatum
1384 707 1520 752 operis.
1550 712 1586 742 et
1619 719 1747 753 pecca-

974 757 1053 789 tum
1095 754 1384 790 consuetudinis.
1427 755 1467 789 In
1508 754 1748 792 suscitatione

974 811 1062 835 vero
1083 801 1219 836 horum
1240 801 1355 836 trium
1376 803 1609 836 mortuorum
1630 806 1750 838 osten-

974 858 1054 882 sum
1081 852 1148 891 est,
1185 847 1285 893 quod
1327 848 1495 884 Salvator
1530 852 1749 892 potestatem

973 895 1089 930 habet
1114 905 1225 939 super
1256 894 1442 939 triplicem
1475 898 1647 940 mortem,
1680 897 1748 932 sci·

974 940 1087 977 licet:
1114 945 1271 980 naturae,
1302 942 1419 986 culpae
1459 944 1495 976 et
1530 943 1742 987 gehennae3

974 998 1085 1032 super
1119 988 1304 1032 triplicem
1334 989 1464 1028 vitam,
1493 988 1633 1024 scilicet
1653 1001 1661 1024 :
1683 1000 1746 1026 na-

974 1038 1080 1077 turae,
1110 1034 1253 1080 graliae,
1280 1034 1423 1079 gloriae.
1447 1035 1626 1076 Quartum
1648 1045 1750 1075 mor-

974 1085 1092 1123 tuum,
1114 1082 1329 1125 insinuante⁹
1361 1080 1557 1126 discipulo,
1593 1081 1748 1127 audivit,

973 1128 1036 1161 sed
1055 1128 1102 1162 ad
1125 1138 1209 1163 eum
1228 1128 1281 1162 ire
1302 1127 1435 1172 noluit,
1462 1127 1499 1161 id
1515 1131 1568 1162 est
1587 1129 1634 1163 ad
1652 1130 1771 1165 mor?

974 1177 1079 1209 tuum
1114 1175 1152 1209 in
1180 1174 1445 1217 obstinatione,
1482 1174 1538 1209 vel
1570 1175 1748 1221 despera-

974 1221 1087 1264 tione,
1108 1231 1169 1257 seu
1192 1232 1306 1266 prava
1324 1221 1465 1265 peccati
1482 1222 1716 1258 excusatione
1736 1234 1744 1266 ;

976 1268 1021 1302 de
1054 1278 1127 1312 quo
1148 1268 1238 1303 dixit
1260 1279 1268 1303 :
1295 1270 1446 1303 Dimitte
1464 1272 1622 1304 mortuos
1639 1279 1739 1316 sepe-

979 1316 1045 1350 lire
1064 1319 1223 1351 mortuos
1249 1325 1346 1350 suOS.
1697 1316 1699 1318 ’

1024 1361 1044 1393 6
1073 1363 1242 1405 Quisoms
1271 1373 1323 1397 SIT
1353 1374 1471 1398 ANIMAE
1506 1373 1633 1400 surus
1664 1374 1753 1401 NUM-

978 1421 1074 1462 QUAii
1092 1421 1347 1445 DESPERANDUM
1370 1421 1444 1446 EST.
1468 1431 1511 1436 —
1532 1413 1617 1447 Haec
1635 1411 1748 1457 igitur

978 1459 1172 1492 audientes
1189 1458 1252 1502 qui
1280 1461 1391 1499 stant,
1413 1468 1488 1492 non
1510 1461 1750 1504 praesumant,

978 1505 1042 1539 sed
1076 1505 1172 1538 cauti
1211 1505 1298 1547 sint,
1322 1515 1369 1539 ne
1404 1505 1571 1549 caslant;
1611 1508 1648 1540 et
1685 1507 1748 1551 qui

978 1551 1205 1593 ceciderunt,
1231 1561 1305 1585 non
1325 1551 1534 1596 desperent,
1563 1551 1627 1586 sed
1646 1551 1749 1587 solli-

979 1598 1040 1633 citi
1068 1598 1154 1642 sint,
1183 1601 1222 1632 ut
1247 1603 1456 1644 resurgant.
1488 1599 1591 1634 Unde
1617 1598 1745 1643 Λαρα-

978 1647 1126 1680 stinus:
1151 1658 1164 1676 «
1192 1646 1278 1680 Haec
1304 1655 1406 1691 ergo,
1445 1644 1665 1691 charissimi,
1687 1656 1749 1682 au-

980 1693 1148 1735 divimus,
1186 1695 1226 1727 ut
1261 1691 1323 1735 qui
1359 1693 1487 1727 vivunt
1516 1693 1654 1736 vivant,
1689 1694 1753 1738 qui

981 1740 1116 1774 mortui
1144 1742 1231 1774 sunt
1257 1739 1492 1775 reviviscant.
1523 1740 1604 1775 Sive
1629 1739 1752 1776 adhuc

981 1790 1172 1831 peccatum
1206 1788 1243 1822 in
1274 1788 1384 1822 corde
1423 1790 1642 1831 conceptum
1674 1796 1750 1823 non

979 1838 1160 1878 processit
1189 1835 1225 1869 in
1244 1833 1395 1878 factum,
1419 1834 1609 1879 poeniteat,
1632 1834 1747 1869 corri-

979 1884 1088 1924 gatur
1132 1882 1329 1926 cogitatio,
1369 1885 1540 1927 resurgat
1578 1883 1747 1917 mortuus

981 1929 1078 1963 intra
1099 1927 1251 1963 domum
1284 1929 1535 1963 conscienlife.
1563 1927 1644 1962 Sive
1671 1927 1750 1973 jam

980 1975 1079 2020 ‹jpiod
1101 1976 1324 2020 excogitavit
1343 1975 1506 2019 admisit,
1528 1985 1596 2009 nec
1617 1974 1667 2009 sic
1689 1975 1754 2012 de-

979 2026 1171 2067 spcretur;
1204 2032 1280 2056 non
1314 2023 1474 2057 surrexit
1507 2024 1670 2056 mortuus
1700 2022 1754 2059 in-

981 2073 1050 2110 tus,
1079 2072 1208 2115 surgat
1234 2070 1365 2113 elatus,
1386 2069 1563 2114 poeniteat
1581 2068 1680 2113 sacti,
1707 2070 1754 2106 de

982 2116 1148 2160 proximo
1176 2117 1384 2159 reviviscat,
1420 2126 1496 2152 non
1522 2119 1581 2150 eat
1607 2116 1645 2150 in
1667 2125 1752 2160 pro-

981 2164 1095 2198 funda
1123 2163 1337 2207 sepulturte,
1362 2174 1436 2198 non
1464 2162 1620 2207 accipiat
1645 2163 1752 2199 desu-

982 2220 1047 2255 per
1076 2211 1353 2245 consuetudinis
1385 2210 1537 2246 molem.
1567 2209 1638 2245 Sed
1659 2208 1754 2246 forte

977 2259 1055 2302 ,iam
1089 2257 1141 2291 illi
1180 2257 1325 2303 loquor,
1365 2258 1427 2302 qui
1463 2258 1540 2302 jam
1573 2256 1664 2291 duro
1699 2257 1752 2293 sui

982 2303 1089 2339 molis
1122 2304 1245 2349 lapide
1276 2306 1470 2350 premitur,
1499 2303 1562 2348 qui
1589 2303 1668 2348 Jam
1697 2313 1759 2339 ur-

982 2355 1089 2396 getur
1108 2350 1386 2387 consuetudinis
1403 2351 1579 2396 pondere,
1597 2349 1659 2394 qui
1674 2350 1754 2395 jam

982 2398 1252 2443 quatriduanus
1279 2402 1398 2444 putet;
1430 2408 1497 2433 nec
1518 2397 1595 2442 ipse
1623 2397 1752 2443 despe-

982 2447 1051 2487 ret,
1075 2446 1258 2490 profunde
1280 2450 1446 2480 mortuus
1472 2448 1540 2486 est,
1563 2444 1627 2479 sed
1646 2444 1754 2481 altius

983 2495 1037 2527 est
1058 2492 1236 2536 chrisum,
1259 2496 1375 2539 agunt
1396 2492 1508 2527 etiam
1525 2491 1618 2526 tales
1639 2491 1755 2535 poeni-

982 2539 1154 2576 tentiam.
1185 2541 1310 2585 Neque
1341 2540 1441 2574 enim
1469 2539 1604 2573 Lazaro
1631 2547 1755 2574 resus-

984 2587 1097 2638 citato
1134 2591 1213 2630 post
1245 2586 1483 2632 quatriduum
1520 2585 1614 2620 ullus
1640 2589 1750 2630 putor

983 2643 1020 2667 111
1064 2637 1211 2668 vivente
1250 2635 1511 2675 remaiiserat3
1553 2642 1641 2678 ergo
1687 2631 1751 2677 qui

982 2680 1123 2723 vivunt,
1159 2680 1296 2724 vivant,
1340 2681 1402 2725 qui
1445 2682 1568 2714 autem
1612 2677 1749 2714 mortui

981 2730 1083 2769 sunt,
1122 2727 1160 2761 in
1195 2737 1428 2772 quacumque
1464 2727 1596 2761 harum
1624 2724 1738 2761 trium
1787 2746 1791 2749 >

982 2777 1102 2810 morte
1142 2783 1180 2810 se
1215 2774 1438 2821 invenerint,
1483 2771 1742 2819 peonitentiam
