1894 3186
95 193 157 226 352³
738 187 872 220 INDEX
909 187 1098 220 CArl'rt'M

145 258 222 294 tius
244 256 395 303 generis
411 254 588 308 ‘humani3
609 254 762 301 cujusli-

145 307 209 343 bet
232 306 454 351 peccatorffi,
483 302 680 355 speciatim
711 306 766 339 ta—

149 363 233 389 men
257 350 354 397 pigri
375 354 413 386 et
432 360 552 386 avari.
815 353 881 393 204

126 398 450 483 ΒΙΞξειΓίεεεοΡιιΠι
463 396 616 435 caeeitas
632 399 669 433 et
682 407 762 433 ma·
861 447 881 479 6

162 458 203 483 11
236 474 242 481 .
815 458 857 480 20

119 499 138 530 6
160 492 411 531 lufirmisase
433 493 573 530 curatis
591 492 760 530 Christus

1002 253 1239 301 praecipiens.
1264 265 1310 289 ue
1327 254 1488 299 gratiam
1515 265 1615 290 rece-

1000 305 1103 348 ptam
1121 301 1357 338 manifestam
1382 300 1534 344 t‘aciant‚
1556 300 1614 335 vi-

1000 348 1156 384 tandam
1186 359 1266 385 esse
1302 348 1453 385 laudem
1480 349 1615 384 huma-

1002 406 1090 431 nam
1111 395 1232 431 docet.

977 459 996 490 7
1020 444 1158 478 Fervor
1178 443 1299 480 turbae
1317 443 1365 481 ad
1385 442 1617 479 audiendum

1002 489 1069 526 Dei
1084 491 1255 527 verbum.

414 623 566 660 CAPUT
587 622 740 658 LXXIII.
763 640 809 648 —
832 622 882 656 De
899 620 1118 657 daemoniaco
1138 631 1226 657 caeco
1246 624 1279 657 et
1300 625 1412 657 muto.

130 750 141 771 1
166 731 316 771 Curatio
349 727 572 767 daemoniaci
614 727 701 764 caeci
728 731 765 764 et

148 779 256 817 muti.
816 777 883 811 208

126 843 143 865 ει
166 826 304 873 Figura
323 827 379 860 est
396 823 562 860 hominis
582 822 621 858 in
636 833 763 868 pecca-

146 879 184 911 to
206 872 355 910 mortali
375 871 666 917 perseverantis.
816 873 882 906 208

122 927 141 957 Γ)
162 923 328 965 Quatuor
349 918 533 956 beneficia
553 917 763 964 ,justificato

148 968 297 1004 collata.
815 979 882 1012 209

122 1021 140 1061 Ι,
164 1014 373 1051 Insinuatio
411 1011 599 1049 invidiosa
629 1012 763 1048 Phari—

147 1072 322 1099 saeorum.
815 1074 881 1107 209

123 1116 141 1148 ξ)
164 1110 355 1147 Idolorum
376 1107 499 1154 origo.
815 1121 881 1144 210

121 1163 141 1194 o·
159 1160 356 1194 Daemones
372 1155 531 1192 diversis
551 1153 650 1190 vitiis
669 1164 763 1201 prae-

147 1217 163 1239 s
194 1208 232 1245 τ’,
816 1215 883 1238 210

122 1270 140 1300 7
160 1235 372 1302 lfifhffcur
394 1253 637 1297 comparetur
652 1248 766 1296 Spiri—

147 1304 206 1337 tus
230 1280 416 1336 sdmctus?
815 1310 853 1332 21
866 1310 877 1332 1

121 1353 140 1384 8
162 1346 333 1384 Christus
355 1374 363 1390 ‚
405 1345 544 1392 duplici
578 1344 727 1382 ratione
755 1372 763 1387 ‚

149 1395 284 1442 probat
303 1393 403 1440 quod
429 1394 577 1429 daemon
608 1403 684 1428 non
711 1395 764 1426 est

149 1446 254 1479 actor
272 1440 456 1477 miraculi.
817 1453 855 1475 21
868 1453 879 1474 1

126 1507 145 1538 {l
170 1492 276 1533 Item,
292 1487 429 1535 triplici
449 1486 609 1524 ratione.
628 1486 762 1531 probat

149 1548 188 1574 se
224 1548 299 1573 non
348 1546 430 1572 esse
469 1532 612 1570 diaboli
651 1532 764 1568 mini-

149 1588 283 1621 strum.
816 1594 882 1616 212

104 1649 142 1670 ιο
159 1631 254 1676 Quid
277 1633 364 1668 sunt
381 1632 578 1678 peccatum
593 1627 766 1674 blasphe-

1006 727 1091 763 miae
1110 730 1146 762 et
1172 727 1326 773 spiritus
1345 725 1590 771 blasphemiae
1603 726 1620 761 Τ

963 790 999 812 ιι
1024 775 1076 810 De
1113 773 1444 810 irremissibilitate
1476 771 1618 819 peccati

1005 825 1137 857 contra
1163 821 1342 867 Spiritum
1362 822 1554 857 Sanctum.

964 883 1001 904 12
1026 870 1101 904 lloc
1122 872 1316 914 peceatum
1338 872 1394 904 est
1414 867 1619 903 obstinatio

1005 915 1143 952 mentis
1167 927 1209 952 ex
1231 914 1541 962 praesumptione,
1562 914 1619 951 vel

1005 974 1048 999 ex
1067 963 1332 1009 desperatione
1352 962 1572 1009 procedens.

963 1014 1001 1047 ιδ
1027 1010 1237 1047 Similitudo
1280 1009 1427 1047 arboris
1464 1010 1620 1056 eJ'usque

1006 1058 1206 1094 fructuum.

963 1109 1002 1150 14
1014 1106 1093 1149 Quo
1105 1116 1218 1142 sensu
1232 1116 1275 1142 ex
1292 1103 1526 1141 abundantia
1536 1114 1620 1140 cor-

1005 1153 1063 1189 dis
1080 1163 1122 1189 os
1143 1153 1333 1199 loquatur.

963 1204 1001 1236 15
1024 1202 1076 1236 De
1096 1199 1197 1236 omni
1220 1201 1334 1237 verbo
1368 1199 1489 1236 otioso
1522 1198 1618 1236 ratio

1004 1248 1199 1284 reddenda
1219 1252 1288 1284 est.

963 1298 1002 1332 ιδ
1024 1296 1212 1338 Quantum
1247 1296 1451 1332 debeamus
1477 1304 1518 1330 os
1552 1304 1620 1329 no-

1006 1346 1124 1378 strum
1147 1343 1350 1379 custodire.

963 1391 1103 1472 17dNon
1125 1394 1179 1426 est
1198 1390 1242 1426 de
1264 1389 1432 1436 proximo
1450 1388 1620 1436 judican-

1035 1448 1109 1472 um.

965 1486 1004 1519 18
1025 1483 1195 1530 Quinque
1229 1483 1430 1521 locutionis
1457 1483 1620 1520 circum-

1008 1531 1171 1569 stantius.

965 1594 1004 1626 ¹9
1024 1579 1257 1625 Quandoque
1281 1578 1516 1616 taciturnitas
1543 1578 1622 1615 cul·
1673 1560 1688 1566 ’δ

1009 1626 1136 1673 panda
1155 1630 1226 1664 est.

309 1762 458 1799 CAPUT
479 1760 632 1797 LXXIV.
656 1777 700 1784 —
719 1759 769 1792 De
786 1756 924 1793 Judaez's
940 1758 1085 1801 sianum
1105 1757 1148 1792 de
1165 1757 1248 1793 coelo
1269 1757 1531 1803 qum-entibus,

489 1811 522 1844 et
539 1807 582 1844 de
601 1807 740 1854 spiritu
758 1805 946 1841 immundo
967 1806 1055 1841 olim
1075 1804 1186 1850 ejecto
1206 1805 1252 1841 ab
1271 1806 1336 1842 eis.

129 1939 139 1961 1
166 1922 383 1960 Judaeorum
401 1920 511 1967 signa
529 1920 575 1956 de
589 1918 685 1956 coelo
700 1930 762 1966 pe-

144 1970 303 2007 tentium
324 1969 424 2005 mala
446 1967 621 2004 intentio.
815 1980 875 2002 221

124 2032 141 2055 2
159 2020 231 2054 Eos
251 2018 439 2065 vituperat
460 2015 646 2051 Christus.
815 2028 879 2050 ¹222

122 2069 143 2102 3
166 2065 261 2109 Quid
276 2076 344 2112 per
364 2065 512 2111 siguum
527 2064 635 2100 Jonae
649 2061 760 2098 intel-

142 2112 335 2158 ligendum
349 2112 367 2148 Τ

123 2163 143 2204 4
164 2160 413 2197 Ninivitarum

146 2207 392 2254 comparatio.

125 2258 144 2290 5
167 2254 321 2300 Reginae
336 2253 459 2291 Austri
477 2264 561 2290 cum
577 2252 718 2289 Judaeis
730 2255 767 2288 et

148 2301 370 2339 Christianis
398 2301 644 2348 comparatio.
820 2313 860 2335 22

841 2123 858 2145 [ὗ

865 2122 882 2144 20

484 2169 568 2195 cum
625 2156 767 2194 Judaeis

865 2301 885 2333 ιι
850 2207 885 2240 Ξι

977 1921 997 1955 6
1021 1916 1117 1961 Quid
1149 1916 1188 1953 in
1215 1927 1329 1954 sensu
1352 1916 1524 1965 mystico,
1542 1921 1623 1953 tro·

1002 1964 1175 2012 pologico
1198 1967 1235 2001 et
1260 1966 1412 2011 morali,
1444 1964 1622 2002 Ninivitae

1004 2016 1041 2049 et
1060 2011 1194 2058 regina
1212 2012 1339 2048 Austri
1354 2013 1372 2048 ‘?
1567 2015 1592 2029 '⁴⁴

981 2075 999 2106 7
1015 2059 1200 2096 Parabola
1214 2059 1259 2095 de
1275 2059 1408 2106 spiritu
1422 2060 1620 2097 immundo

1005 2108 1123 2154 ejecto
1151 2110 1187 2143 et
1220 2107 1403 2145 redeunte
1435 2108 1624 2156 applicata

1005 2154 1159 2192 Judaeis.

983 2204 1003 2237 8
1026 2203 1164 2239 Eadem
1191 2202 1386 2249 parabola,
1413 2202 1459 2239 de
1487 2203 1621 2249 spiritu

1007 2249 1215 2291 immundo,
1241 2249 1431 2296 peccatori
1474 2249 1618 2287 recidi-

1008 2296 1110 2334 vanti
1128 2296 1326 2344 applicata.

277 2432 428 2469 CAPUT
450 2430 584 2466 LXXV.
609 2448 654 2453 -—
671 2429 722 2463 De
738 2428 889 2463 muliere
908 2436 1026 2462 vocem
1045 2426 1089 2461 de
1106 2425 1214 2462 turba
1231 2426 1437 2469 extollente,
1458 2436 1501 2462 ac
1520 2425 1565 2461 de

463 2480 581 2514 matre
603 2479 635 2511 et
656 2476 840 2519 fratribus
857 2476 1003 2510 Domini
1022 2485 1100 2510 eum
1117 2473 1374 2519 quaerentibus.

132 2605 143 2625 1
168 2587 357 2624 Laudatur
377 2584 547 2622 Christus
561 2594 583 2618 a
594 2579 770 2617 Marcella

153 2634 328 2671 Ecclesiae
350 2637 478 2680 typum
501 2632 669 2681 gerente.
819 2642 882 2675 227

132 2697 148 2718 2
172 2682 367 2718 Beatitudo
406 2690 553 2723 eorum,
597 2686 661 2723 qui
701 2687 766 2712 au-

149 2729 256 2766 diunt
278 2730 434 2765 verbum
468 2727 535 2764 Dei
568 2728 605 2762 et
641 2727 766 2759 custo-

154 2777 260 2813 diunt
279 2776 387 2813 illud.
817 2773 884 2809 228

133 2828 153 2862 5
179 2823 249 2868 Qui
281 2825 356 2860 sint
392 2824 527 2860 fratres
547 2819 699 2859 Domini
728 2823 766 2858 in

1006 2591 1118 2617 sensu
1164 2579 1314 2616 litterali
1358 2581 1394 2613 et
1432 2576 1618 2623 mystico?

981 2632 1002 2672 4
1023 2630 1104 2664 Non
1124 2625 1407 2663 intermittenda
1427 2624 1552 2660 officia
1566 2624 1618 2660 di-

1004 2676 1091 2711 vina
1128 2677 1281 2721 propter
1316 2671 1613 2719 propinquorum

1005 2724 1193 2759 affectum.

979 2775 998 2807 5
1019 2772 1134 2807 Amor
1145 2767 1350 2816 spiritualis
1358 2765 1615 2815 praeferendus

1006 2821 1061 2854 est
1081 2814 1234 2854 carnali.

1668 399 1734 431 20⁴5

1670 503 1735 535 207

1671 729 1733 769 ¹³14

1670 823 1735 864 ull·

1670 966 1735 999 215

1671 1061 1737 1093 216

1674 1165 1736 1197 :117

1670 1249 1738 1282 218

1671 1354 1737 1387 2¹9

1671 2300 1738 2331 nuti

1670 2578 1733 2611 250

1666 2719 1731 2752 ⁸250

1666 2813 1727 2847 251
