1894 3186
691 204 742 237 nc
784 206 979 241 PASTORE
1018 188 1175 239 nvtuu.
1695 208 1756 241 307

124 275 237 311 ritum
261 275 423 321 plebium
443 274 564 310 solent
580 285 742 320 superno
760 274 903 321 judicio

124 334 294 368 personae
310 321 499 368 provideri
516 324 721 367 pastorum,
741 333 819 362 vos,
834 323 905 358 fra-

124 374 198 406 tres
213 369 409 413 rarissimi,
423 369 635 414 spiritualia
648 369 823 414 qiurritc,
835 380 905 406 coe-

123 417 230 454 lcstizt
243 420 379 463 amate,
392 416 619 463 temporalia
630 420 667 453 et
678 416 834 464 fugitiva
846 418 905 453 dea

973 274 1757 324 spicite,etcertissimumtenete,quiapla-

973 327 1121 358 rentem
1134 323 1208 357 Deo
1226 325 1414 367 pastorem
1432 324 1673 369 habeliitis,si
1691 337 1756 363 vos

974 371 1040 416 ipsi
1062 369 1101 405 in
1125 369 1260 405 vestris
1280 369 1426 406 actibus
1447 371 1606 408 Domino
1632 373 1758 419 place-

970 418 1018 454 tis
1039 429 1048 454 t
1073 431 1085 450 »
1103 417 1184 453 haec
1205 417 1415 462 Greqorius.

854 550 1027 587 ORATIO

164 661 322 715 Domine
344 661 433 697 Jesu
457 657 621 704 Christe,
644 663 775 707 pastor
802 661 915 707 bone,
938 661 1002 708 qui
1032 671 1102 708 pro
1132 660 1265 700 ovibus
1292 664 1367 701 tuis
1402 663 1563 711 posuisti
1597 665 1761 701 animam

117 712 219 745 tuam
242 720 281 744 in
305 708 481 754 pretium.
507 717 661 744 carnem
690 708 729 744 in
766 707 907 753 cibum,
935 714 971 745 et
992 708 1217 754 sanguinem
1245 710 1285 746 in
1319 714 1472 758 potum;
1497 711 1561 758 qui
1580 712 1698 748 factus
1720 723 1761 749 es

118 756 226 793 nobis
246 756 385 792 ostium
402 755 441 791 in
459 755 665 791 Ecclesiam
687 755 914 793 militantem
937 760 974 793 et
999 757 1310 804 triumphantem,
1339 762 1380 796 ut
1399 770 1467 806 per
1487 762 1523 796 te
1544 760 1592 796 ad
1613 760 1760 796 salvan-

117 805 208 840 dum
233 803 464 840 introeamus
490 803 538 839 ad
564 806 618 848 te3
641 814 828 849 cognosce
846 816 908 841 me
933 803 1033 841 inter
1064 816 1154 841 oves
1180 809 1278 851 tuas,
1302 810 1339 843 et
1365 807 1662 843 misericorditer
1689 818 1758 843 nos

117 849 277 898 respice,
296 851 333 887 in
354 850 453 886 viam
480 850 613 887 salutis
639 851 854 899 dirigendo,
878 854 917 888 ut
937 863 1210 898 cognoscamus
1238 856 1289 897 te,
1310 858 1346 890 et
1368 854 1437 890 tibi
1460 855 1757 900 conformemur,

117 902 153 935 te
178 899 376 935 imitando.
398 899 479 934 Non
501 898 701 935 audiamus
728 910 859 936 vocem
878 899 1106 945 alienorum,
1130 900 1274 937 scilicet
1296 901 1439 946 mundi,
1462 901 1588 938 carnis
1615 904 1652 937 et
1675 901 1758 938 dia-

116 946 217 990 boli;
248 946 313 982 sed
348 947 495 981 tantum
520 949 638 991 tuam,
659 946 872 983 obediendo
900 947 976 984 tuis
1008 947 1210 995 praeceptis
1231 952 1268 985 et
1288 949 1471 990 consiliis,
1492 952 1534 986 ut
1552 948 1668 985 vitam
1696 949 1761 985 ha-

117 995 272 1031 beamus
294 993 439 1047 grathe,
460 995 496 1029 et
518 994 772 1031 abundantius
791 995 1000 1032 habeamus
1020 995 1167 1043 gloriae,
1188 999 1226 1034 et
1245 997 1346 1044 apud
1368 999 1406 1034 te
1428 1008 1570 1044 pascua
1589 995 1761 1033 invenia-

117 1051 200 1078 mus
220 1041 436 1078 resectlonis
455 1043 621 1078 aeternae.
645 1043 778 1079 Amen.

696 1258 878 1305 CAPUT
934 1258 1182 1306 LXXXVH

267 1412 319 1441 DE
349 1412 557 1450 ENGAENIIS,
587 1412 628 1441 IN
659 1411 805 1446 QUIBUS
836 1411 1074 1442 VOLUERUNT
1103 1410 1227 1442 JUDAEI
1255 1409 1381 1442 JESUM
1408 1409 1616 1440 LAPIDARE.

776 1523 930 1560 Joannis
950 1533 1032 1570 cap.
1060 1523 1103 1560 Χ.

172 1666 183 1687 1
206 1650 363 1687 Tn1PLssx
382 1661 462 1686 rurs
481 1660 668 1686 DEDICArlo
690 1660 817 1686 TEMPLI
839 1649 899 1686 ,ΙΕ-

120 1710 295 1735 RUSALEM.
317 1719 359 1724 -—
377 1700 490 1735 Facta
506 1701 591 1734 sunt
604 1701 723 1734 autem
742 1699 899 1733 encaenia

119 1748 159 1782 in
177 1747 425 1791 Jerosolymis,
443 1749 476 1784 et
492 1747 605 1782 hiems
620 1749 710 1782 erat.
724 1744 901 1781 Encaenia

120 1798 299 1834 dicuntur
329 1799 375 1835 ab
396 1797 442 1844 ἐν,
465 1799 565 1845 quod
598 1801 655 1835 est
685 1799 736 1843 in,
758 1801 794 1835 et
812 1797 896 1841 νέος,

119 1851 219 1899 quod
233 1855 289 1888 est
300 1863 454 1897 novum,
467 1851 692 1899 interposita
704 1851 753 1895 κὲ,
770 1854 827 1890 vel
841 1852 899 1886 καὶ

118 1899 297 1946 syllabica
314 1900 541 1946 adjectione,
566 1904 603 1936 et
622 1903 731 1936 sonat
747 1901 899 1937 innova-

118 1949 259 1989 tiones,
299 1947 450 1994 quando
489 1946 631 1983 scilicet
670 1947 797 1993 aliqua
835 1958 897 1983 res

118 2005 215 2031 nova
242 2005 308 2030 suo
332 1995 413 2031 usui
438 1994 661 2041 applicatur,
680 1996 737 2030 vel
768 1995 897 2042 aliqua

119 2053 180 2078 res
199 2042 426 2078 acommuni
458 2053 542 2086 usn,
564 2042 612 2078 ad
641 2042 829 2079 celebrem
860 2045 897 2078 et

119 2088 286 2126 divinum
306 2101 414 2125 usum
434 2089 648 2134 dedicatur;
674 2090 773 2136 quod
794 2090 897 2126 enim

119 2136 272 2173 Latinus
293 2137 382 2173 dicit
402 2137 694 2182 dedicationem,
717 2138 898 2174 Hebraeus

119 2187 228 2221 vocat
258 2184 540 2221 inchoationem
574 2196 662 2221 usus
694 2196 800 2232 novze
827 2184 897 2230 rei,

120 2243 185 2269 seu
204 2232 499 2269 innovationem.
525 2232 632 2268 Unde
652 2237 689 2268 et
719 2243 808 2268 usus
830 2233 896 2268 ha-

119 2280 233 2316 bebat
262 2280 334 2316 hoc
361 2281 534 2325 verbum,
555 2284 597 2316 ut
632 2279 662 2316 si
690 2279 773 2326 quis
799 2290 898 2316 nova

118 2330 222 2364 veste
250 2327 484 2371 indueretur,
504 2327 714 2364 encaeniare
751 2327 896 2363 dicere-

120 2376 191 2411 tur.
214 2376 278 2411 Est
298 2374 411 2421 igitur
436 2375 648 2411 encaeniare
678 2374 829 2411 initiare
860 2377 897 2410 et

118 2421 260 2468 aliquid
279 2422 325 2458 de
343 2433 440 2459 novo
457 2422 582 2459 facere
600 2434 608 2458 2
631 2422 733 2458 unde
752 2424 896 2458 vestem

119 2480 257 2506 novam
277 2469 474 2515 eneaeniat,
494 2470 557 2517 qui
576 2469 699 2516 prima
717 2470 794 2505 vice
811 2479 896 2505 eam

121 2519 262 2553 vestem
292 2520 442 2564 portat;
464 2520 501 2554 et
533 2517 736 2563 Episcopus
770 2516 896 2552 Eccle-

121 2565 216 2600 siam
236 2563 432 2609 encaeniat,
456 2565 604 2610 quando
626 2575 710 2600 eam
733 2563 894 2600 dedicat.

123 2611 189 2647 Hic
213 2611 328 2657 igitur
350 2614 506 2648 encaenia
545 2614 729 2648 vocantur
759 2611 897 2647 festum

124 2658 368 2695 dedicationis
398 2658 540 2705 templi,
569 2659 658 2705 quia
683 2659 722 2694 in
747 2658 896 2694 dedica-

123 2705 225 2743 tione
251 2706 380 2752 templi
407 2708 615 2752 applicatur
641 2705 766 2742 divino
798 2704 895 2749 usui,

124 2753 224 2799 quod
247 2754 382 2790 festum
394 2753 590 2790 annuatim
609 2753 827 2790 solemniter
841 2763 898 2788 ce-

123 2800 321 2838 lebrabant
347 2800 481 2839 Judaei.
503 2802 548 2837 Et
564 2800 701 2837 dicitur
726 2800 896 2837 encaenia

125 2847 391 2895 encaeniorum,
413 2849 452 2886 in
485 2846 637 2896 plurali,
672 2847 760 2895 quia
797 2847 897 2884 istud

968 1655 1113 1691 festum
1135 1663 1203 1701 per
1229 1654 1357 1702 plures
1387 1654 1469 1691 dies
1503 1655 1651 1692 solebat
1681 1656 1758 1701 agi.

969 1704 1046 1738 Hoc
1069 1704 1198 1739 autem
1217 1714 1293 1739 non
1315 1703 1362 1739 ad
1380 1703 1556 1749 primam,
1572 1713 1694 1749 neque
1711 1703 1760 1739 ad

967 1749 1188 1796 secundam,
1215 1751 1280 1787 sed
1305 1750 1353 1786 ad
1383 1749 1535 1786 tertiam
1563 1751 1759 1796 spectabat

968 1795 1676 1844 dedicationem.Legiturenimtriplex
1693 1798 1758 1834 de-

966 1842 1105 1882 dicatio
1129 1845 1258 1891 templi
1275 1845 1374 1881 facta
1400 1855 1423 1881 a
1450 1845 1625 1889 diversis,
1647 1850 1684 1881 et
1707 1844 1761 1881 di-

967 1893 1086 1930 versis
1108 1892 1354 1940 temporibus.
1377 1891 1503 1929 Prima
1517 1904 1540 1929 a
1555 1893 1761 1929 Salomone

968 1940 1116 1978 decima
1138 1941 1197 1977 die
1217 1940 1455 1987 septembris,
1485 1951 1568 1986 quae
1595 1941 1762 1976 celebra-

967 1990 1079 2025 batur
1096 1989 1228 2025 eadem
1253 1988 1313 2024 die
1332 1987 1551 2034 quotannis,
1574 1999 1692 2033 usque
1711 1986 1761 2023 ad

971 2037 1206 2074 eversionem
1230 2035 1360 2081 templi
1387 2035 1525 2071 factam
1553 2046 1574 2071 a
1601 2035 1759 2081 Babylo-

971 2084 1057 2120 niis.
1076 2107 1112 2113 -—
1127 2083 1314 2126 Secunda,
1329 2087 1500 2128 tempore
1515 2083 1643 2118 Esdrae
1659 2094 1680 2117 a
1692 2083 1761 2118 Ne-

971 2133 1097 2169 hemia
1109 2136 1145 2168 et
1155 2130 1376 2175 Zorobabel,
1388 2133 1423 2165 et
1436 2131 1483 2166 ab
1493 2130 1550 2166 his
1563 2129 1626 2176 qui
1638 2130 1759 2166 redie-

971 2183 1058 2216 runt
1069 2181 1115 2216 de
1131 2177 1358 2225 Babylonica
1373 2177 1759 2224 captivitate,repara-

974 2231 1009 2263 to
1025 2228 1186 2274 templo;
1206 2226 1252 2261 ab
1271 2225 1325 2261 eis
1343 2224 1440 2261 facta
1456 2228 1512 2261 est
1531 2224 1759 2261 duodecima

970 2274 1032 2311 die
1065 2273 1206 2317 martii,
1237 2275 1274 2308 et
1307 2271 1440 2308 eadem
1466 2271 1526 2308 die
1553 2271 1758 2317 quotannis

973 2322 1248 2365 celebrabatur,
1276 2330 1470 2366 quousque
1495 2319 1588 2355 illud
1621 2319 1758 2366 polluit

970 2369 1192 2413 Antiochus,
1213 2378 1359 2414 ponens
1380 2367 1421 2403 in
1441 2366 1582 2413 templo
1609 2366 1756 2402 idolum

969 2417 1086 2454 Jovis.
1109 2437 1154 2444 —
1168 2414 1308 2459 Tertia,
1327 2416 1483 2460 propter
1502 2415 1602 2450 hanc
1623 2417 1755 2449 conta-

970 2463 1232 2507 minationem,
1253 2462 1354 2498 facta
1374 2466 1432 2498 est
1449 2471 1471 2497 a
1487 2462 1506 2498 J
1512 2461 1585 2497 uda
1605 2461 1754 2497 Macha-

970 2512 1068 2557 baeo,
1100 2511 1163 2557 qui
1184 2508 1366 2556 templum
1391 2507 1444 2544 sic
1467 2508 1709 2555 profanatum
1733 2514 1756 2543 a

971 2559 1154 2594 Gentibus
1190 2555 1402 2601 mundavit,
1438 2555 1571 2602 quinta
1608 2555 1755 2591 decima

971 2605 1031 2641 die
1060 2604 1287 2649 decembris,
1306 2606 1343 2639 et
1375 2602 1508 2639 eadem
1533 2603 1594 2638 die
1621 2601 1754 2637 exinde

969 2653 1160 2689 celebrata
1197 2653 1253 2688 est
1279 2649 1506 2697 quotannis3
1536 2653 1572 2685 et
1591 2650 1671 2684 haec
1691 2648 1756 2684 de-

970 2700 1107 2736 dicatio
1130 2703 1300 2745 tempore
1319 2697 1456 2734 Christi
1476 2696 1754 2740 celebrabatur,

970 2747 1016 2783 de
1042 2758 1116 2794 qua
1139 2748 1200 2783 hic
1225 2745 1362 2793 agitur.
1395 2746 1510 2789 Tunc,
1539 2743 1755 2780 ambulabat

968 2796 1072 2831 Jesus
1105 2796 1146 2831 in
1176 2798 1246 2831 tem
1276 2794 1324 2838 20,
1352 2791 1505 2837 scilicet,
1541 2793 1581 2827 in
1610 2791 1757 2838 porticu

969 2843 1190 2890 Salomonis,
1213 2805 1272 2878 idp
1283 2843 1341 2877 est
1366 2838 1405 2876 in
1434 2837 1586 2886 porticu
1614 2836 1760 2885 templi,
