1894 3186
151 223 210 256 308

147 291 210 325 ubi
233 288 408 324 Salomon
433 285 479 321 ad
500 284 683 320 orandum
707 287 804 320 stare
825 284 922 319 sole-
958 287 961 330 j

146 337 209 371 bat
232 347 239 370 ;
267 333 416 370 nomine
436 331 537 368 enim
558 331 687 377 templi
708 342 781 367 non
802 332 923 366 salum
958 339 961 370 i

147 393 281 428 coi-pus
316 380 444 427 ipsius,
464 379 529 415 sod
552 378 666 414 etiam
688 378 864 424 portiom,
888 383 923 413 et
958 377 961 418 l

146 432 244 466 atria
273 439 339 464 seu
371 430 451 463 loca
477 425 773 469 circumstantia,
808 431 843 460 et
876 424 924 459 ad
959 423 962 440 '

146 478 300 513 domum
343 473 492 511 Domini
518 472 747 520 pertinentia
785 471 923 507 intelli-

148 527 302 570 guntur,
324 522 363 558 in
395 522 532 568 quibus
556 520 714 566 populus
735 520 857 554 stabat
877 517 925 553 ad

148 572 350 614 orandum,
371 580 446 604 nou
466 567 505 603 in
531 567 669 612 templo
689 578 697 610 ;
721 577 795 601 non
825 564 925 600 enim

148 618 286 654 licebat
320 615 466 662 ingredi
503 615 698 660 templum,
728 612 798 648 uisi
837 611 926 647 solis

149 664 279 711 templi
312 662 507 700 ministris.
531 661 601 697 Alii
620 664 745 696 autem
768 659 927 694 orabant

148 807 219 842 sibi
241 804 446 841 oratorium
473 804 624 842 fecerat,
648 800 747 846 quod
773 801 832 836 hic
858 810 924 846 ap-

151 854 312 899 pellatur
327 853 505 898 porticus,
520 849 556 884 in
575 859 647 894 quo
666 848 844 891 oratorio,
865 848 925 883 die

149 898 407 938 dedicationis,
436 897 661 939 columnam,
694 905 760 930 seu
799 896 924 930 basem

149 957 310 990 aeneam,
341 946 544 981 habentem
578 943 742 989 quinque
779 943 925 978 cubitos

148 993 408 1039 longitudinis,
430 995 466 1026 et
494 995 570 1026 tres
597 989 740 1026 cubitos
763 989 927 1025 latitudi-

146 1042 217 1086 nis,
240 1046 277 1077 et
296 1046 372 1076 tres
397 1037 539 1074 cubitos
562 1037 772 1073 altitudinis
794 1036 924 1078 erexit,

149 1099 260 1132 super
294 1097 405 1134 quam
450 1085 607 1131 genibus
646 1084 749 1120 flexis
783 1083 924 1127 oravit;

150 1136 212 1182 qui
244 1136 348 1170 locus
370 1133 482 1169 etiam
505 1134 616 1177 Regis
640 1130 845 1167 oratorium
867 1131 926 1166 di-

150 1184 315 1219 cebatur.
346 1181 411 1217 Ubi
439 1181 658 1225 Theophilus
682 1190 690 1214 t
716 1193 734 1210 «
759 1180 925 1223 satagas,

148 1234 187 1266 tu
223 1239 387 1276 quoque,
418 1229 505 1263 dum
536 1226 656 1262 hiems
685 1228 868 1263 imminet.
891 1228 926 1260 id

148 1281 218 1318 est,
237 1277 310 1312 vita
331 1285 498 1322 praesens
519 1274 731 1309 turbnibus
746 1272 926 1318 iniquita-

149 1327 195 1360 tis
215 1333 408 1361 concussa.
429 1320 638 1367 spiritualia
675 1320 841 1355 enczenia
873 1318 925 1354 tui

148 1370 277 1417 tempii
305 1370 509 1410 celebrare,
532 1378 681 1413 semper
707 1367 926 1402 renovando

150 1418 326 1464 teipsum,
345 1423 381 1452 et
406 1414 647 1451 ascensiones
670 1413 707 1449 in
729 1414 841 1449 corde
864 1418 926 1448 tirio

151 1465 375 1510 disponens,
395 1467 484 1498 tunc
507 1463 616 1497 jesus
637 1461 708 1496 erit
730 1464 866 1506 praesto
888 1460 926 1495 iu

154 1512 298 1557 porticu
320 1510 545 1552 Salomonis,
566 1507 762 1554 pacilicum
789 1512 928 1543 statum

154 1559 220 1594 tibi
251 1558 420 1594 tribuens
447 1557 515 1592 sub
544 1554 726 1601 regimine
754 1554 924 1600 proprio3

153 1606 329 1642 inserui«)
351 1610 475 1640 autein
498 1604 622 1638 futuro
644 1613 755 1637 nemo
776 1612 931 1637 renova-

154 1653 265 1689 tionis
304 1651 486 1688 solemnia
520 1650 701 1696 perticere
732 1649 880 1695 poterit.
911 1663 928 1680 »

203 1714 220 1737 ιι
258 1700 381 1736 Ori-:uA
423 1698 569 1735 Guium-1
612 1707 848 1732 'rEST1MON1UM
888 1708 931 1731 Di:

154 1760 231 1784 irso
259 1756 516 1783 runnissnssANT.
539 1764 583 1770 —
607 1744 932 1781 Circumdederunt

153 1806 236 1840 07'90
262 1806 341 1830 eum
366 1795 499 1835 Judaez',
521 1790 827 1837 comprimentes,
850 1790 930 1826 ani-

152 1854 212 1879 mo
249 1840 570 1878 circumveniendi
597 1842 635 1874 et
665 1837 930 1884 persequendi,

150 1895 193 1926 ut
219 1888 329 1925 citius
351 1898 437 1923 eum
464 1887 502 1921 in
536 1884 661 1921 verbis
685 1888 876 1930 caperent,
899 1889 933 1920 et

152 1938 321 1972 dicebant
351 1937 383 1970 ei
410 1947 420 1970 :
449 1934 640 1978 Quousque
671 1934 832 1967 animam
866 1943 930 1967 no-

151 1987 266 2020 stram
298 1983 429 2018 tollis?
451 1981 488 2017 id
520 1985 577 2016 est
610 1979 767 2020 crucias,
800 1979 929 2014 dimit-

151 2031 267 2067 tendo
295 2040 363 2065 nos
391 2028 428 2063 iu
455 2038 635 2073 suspenso
663 2025 929 2070 dubitationis3

154 2075 387 2114 certificandi
415 2075 516 2111 enim
537 2085 667 2110 sumus
688 2074 734 2109 de
760 2079 808 2108 te.
830 2074 931 2109 Adu-

153 2124 288 2161 latorie
324 2125 543 2169 loquuntur,
569 2124 739 2157 volentes
771 2131 836 2166 per
863 2122 932 2156 hoc

153 2172 355 2208 ostendere
376 2181 415 2206 se
436 2169 652 2205 desiderare
670 2167 765 2203 scire
791 2169 930 2203 verita-

153 2223 228 2255 tem
250 2219 296 2255 de
314 2218 408 2262 ipso.
431 2216 543 2260 Quasi
566 2227 599 2251 ei
624 2214 793 2251 dicerent
818 2229 825 2251 :
849 2215 934 2250 Ani-

153 2277 216 2302 ma
239 2270 369 2301 nostra
389 2268 444 2299 est
467 2275 504 2298 in
531 2273 713 2309 suspenso
740 2261 932 2305 desiderii,

154 2312 335 2359 quamdiu
355 2312 407 2347 sic
425 2310 568 2346 vinctos
590 2321 656 2346 nos
670 2308 900 2355 derelinquis
917 2310 933 2346 Ρ

152 2365 244 2406 opes
270 2360 371 2394 enim
394 2369 473 2403 quae
493 2358 676 2402 differtur,
695 2358 834 2401 affligit
856 2358 933 2391 ani-

153 2418 272 2447 mam2
296 2416 362 2451 per
376 2406 445 2440 hoc
464 2404 663 2439 innuentes
678 2404 778 2448 quod
795 2403 933 2438 vellent

152 2456 233 2500 ejus
252 2452 350 2489 dicto
369 2456 482 2491 stare,
495 2455 529 2485 et
552 2462 636 2486 eum
656 2451 816 2486 libenter
836 2450 932 2485 sicut
968 2451 969 2455 ’

152 2503 342 2538 Christum
374 2499 555 2543 recipere,
578 2508 664 2532 cum
690 2501 816 2532 tamen
838 2508 932 2532 cou-

154 2547 311 2584 trarium
334 2546 518 2581 haberent
546 2555 580 2579 in
613 2544 737 2579 corde.
758 2546 799 2580 Si
827 2548 866 2579 tu
895 2555 931 2579 es

157 2597 336 2634 Christus,
358 2593 397 2628 id
418 2594 474 2627 est
495 2592 569 2626 Rex
586 2594 622 2626 et
638 2595 797 2634 unctus3
819 2601 930 2635 quem
966 2599 968 2636 i

155 2643 257 2679 euim
272 2652 340 2676 nos
356 2649 483 2685 regem
495 2637 793 2680 iiicimus‚.1udaei
808 2638 933 2683 appel-
966 2650 968 2680 ῃ

154 2690 283 2726 labant
301 2688 502 2728 Christum,
520 2685 556 2720 id
583 2688 640 2719 cst
660 2688 826 2727 unctum,
840 2684 930 2729 quia
966 2706 970 2733 i

155 2735 281 2772 unctio
308 2734 517 2771 debebatur
542 2731 715 2777 regibus;
742 2731 801 2766 dic
828 2732 931 2766 nobis
966 2736 968 2754 ³

152 2785 293 2830 palam,
317 2787 357 2818 ut
390 2779 549 2817 sciamus
578 2788 688 2824 quem
715 2788 930 2824 sequamur,

155 2832 281 2878 palam
315 2828 415 2865 enim
456 2825 756 2863 annuntiandum
795 2828 849 2860 est
885 2826 931 2861 de
965 2859 967 2867 ,

149 719 253 749 extra
286 711 325 747 in
357 709 574 757 porticibus.
595 718 660 743 seu
693 706 798 742 atriis
831 709 925 741 tem·

151 762 253 806 pium
280 756 538 804 cingentibus;
561 754 622 790 ubi
650 765 713 789 rex
747 754 925 789 Salomon

597 215 739 247 PRIMAE
778 215 933 248 PARTIS
971 214 1105 247 CAPUT
1144 212 1341 247 LXXXVII

1005 284 1176 319 veritate.
1200 285 1311 326 Quasi
1339 284 1534 320 dicerent:
1561 284 1778 325 rect-ainus,

1004 330 1033 365 si
1055 334 1093 365 tu
1127 341 1166 365 es
1195 331 1363 367 Christus
1384 335 1420 367 et
1446 329 1600 366 Messias
1626 331 1661 364 in
1686 330 1780 374 Lege

1003 376 1224 423 promissus,
1242 382 1278 412 et
1297 378 1361 415 tibi
1380 389 1453 414 non
1473 376 1672 413 credimus.
1691 375 1781 411 lusi-

1005 424 1109 459 d10so
1130 425 1209 460 haec
1234 426 1280 461 ab
1302 436 1345 461 eo
1373 425 1607 471 quaerebant,
1631 427 1670 459 ut
1689 422 1718 458 si
1741 434 1780 459 se

1005 470 1193 508 Christum
1212 471 1365 512 diceret.
1389 473 1493 518 quasi
1515 482 1554 507 se
1576 481 1702 516 regem
1727 470 1780 506 sa-

1006 518 1123 562 ciens,
1146 518 1285 555 Caesari
1321 518 1612 560 contradiceret,
1635 521 1671 553 et
1699 528 1781 553 mox

1005 568 1209 610 teneretur,
1231 567 1560 610 Romanorumque
1596 563 1783 600 ministris

1005 612 1232 649 occidendus
1253 613 1476 649 traderetur.
1501 612 1604 648 Unde
1633 613 1781 648 Glossa:

1007 675 1025 691 «
1044 661 1120 694 Non
1138 660 1334 696 veritatem
1350 661 1630 696 desiderabant.
1649 659 1713 694 sed
1726 670 1784 694 ca-

1005 707 1185 742 lumniam
1201 708 1479 753 prfeparabant.
1495 720 1511 739 »
1524 708 1581 749 Et,
1594 706 1680 752 quia
1696 706 1781 741 dolo

1005 754 1272 799 loquebantur,
1291 754 1375 789 ideo
1392 764 1613 800 responsum
1632 757 1782 799 tempe-

1006 801 1100 836 ravit
1124 803 1314 843 Dnminns,
1338 801 1468 836 dicens
1492 812 1499 836 :
1522 802 1664 845 Loquor
1682 800 1784 835 vobis

1004 852 1046 883 ut
1068 849 1230 884 Verbum
1254 849 1281 883 D
1299 848 1335 891 Δί,
1357 851 1393 883 et
1411 847 1494 883 dico
1519 847 1623 883 vobis
1644 848 1782 883 verita—

1005 899 1095 939 tem,
1119 899 1155 930 et
1181 896 1243 940 qni
1270 895 1340 930 sim
1368 896 1485 941 probo
1509 906 1576 942 per
1599 905 1728 940 opera,
1752 897 1785 930 et

1005 954 1076 978 non
1093 943 1240 977 creditis
1259 944 1362 977 mihi.
1380 943 1497 987 Opera
1515 953 1594 988 quae
1611 953 1672 985 09⁰
1688 943 1785 985 facio

1006 992 1045 1025 in
1070 991 1213 1024 nomine
1239 991 1362 1025 Putris
1387 991 1470 1033 mei,
1496 996 1532 1025 et
1557 989 1602 1025 ad
1626 989 1785 1035 gloriam

1007 1038 1101 1083 eJus,
1115 1037 1331 1072 coufitendo
1350 1040 1498 1081 eum‚et
1512 1036 1672 1081 gloriam
1689 1036 1783 1081 ejus,

1010 1095 1085 1119 non
1118 1083 1231 1119 aliam
1270 1083 1406 1130 ubique
1434 1083 1784 1130 quaereiido,eique

1007 1131 1136 1167 onmia
1174 1130 1390 1173 tribuendo,
1427 1133 1500 1167 haec
1540 1133 1783 1167 testimonium

1004 1180 1197 1225 pei-hibent
1219 1179 1263 1213 de
1286 1189 1353 1222 ine,
1377 1182 1415 1214 et
1444 1179 1490 1214 de
1516 1189 1599 1214 mea
1625 1177 1783 1221 deitate;

1008 1225 1096 1271 quia
1116 1225 1257 1261 scilicet
1282 1237 1356 1261 non
1379 1229 1536 1270 possunt
1559 1225 1630 1260 nisi
1656 1235 1678 1260 a
1710 1226 1785 1260 Deo

1009 1272 1107 1316 fieri,
1127 1278 1164 1308 et
1184 1272 1268 1308 ideo
1296 1273 1495 1309 mainseste
1514 1278 1669 1318 apparet
1687 1271 1786 1317 quod

1008 1331 1030 1355 a
1051 1322 1126 1355 Deo
1149 1319 1247 1356 veni.
1268 1319 1380 1363 Quasi
1399 1320 1499 1355 dicat
1522 1319 1665 1355 :Vultis
1685 1330 1707 1354 a
1729 1330 1785 1354 ine

1007 1367 1140 1403 andire
1173 1366 1202 1401 si
1230 1377 1299 1409 ego
1335 1378 1416 1402 sum
1444 1368 1633 1411 Christus;
1656 1369 1693 1401 et
1715 1376 1784 1411 ego

1008 1414 1221 1458 respondeo
1254 1414 1373 1455 vobis,
1396 1414 1496 1458 quod
1527 1425 1602 1449 non
1635 1415 1785 1459 oportet

1010 1465 1048 1496 ut
1075 1472 1143 1506 ego
1166 1460 1286 1496 nicam
1309 1461 1445 1504 verbis,
1468 1460 1556 1506 quia
1576 1471 1685 1506 opera
1706 1471 1786 1505 quse

1009 1520 1071 1552 eqo
1091 1510 1203 1552 facio,
1226 1509 1298 1543 haec
1329 1510 1574 1543 testiinonium
1594 1508 1785 1553 perhibent

1010 1557 1053 1590 de
1082 1566 1149 1590 ine.
1171 1556 1213 1590 Et
1243 1554 1271 1589 si
1307 1555 1482 1600 operibus
1512 1565 1587 1590 non
1617 1553 1785 1597 creditis,

1011 1603 1173 1648 qualiter
1203 1601 1326 1637 verbis
1356 1601 1548 1638 credetis?
1571 1603 1614 1637 Et
1639 1600 1691 1637 sic
1712 1612 1787 1636 nou

1011 1650 1102 1685 dixit
1122 1659 1295 1695 expresse
1315 1660 1354 1685 se
1373 1660 1454 1685 esse
1470 1648 1673 1692 Christum,
1687 1648 1786 1694 quod

1011 1698 1256 1743 quaerebant;
1279 1697 1345 1732 sed
1381 1697 1473 1732 dixit
1505 1695 1647 1741 aliquid
1674 1695 1789 1741 aequi-

1011 1744 1155 1787 valens,
1183 1743 1239 1779 vel
1275 1745 1409 1790 maJ‘us,
1439 1744 1538 1789 quod
1569 1748 1698 1778 tamen
1733 1743 1788 1778 eis

1012 1802 1085 1827 non
1107 1790 1331 1835 sufficiebat,
1355 1795 1394 1826 ut
1418 1790 1616 1826 veritatem
1637 1799 1789 1835 respon-

1011 1840 1129 1882 deret,
1152 1842 1189 1874 et
1220 1839 1416 1874 calumnise
1450 1836 1634 1873 malitiam
1664 1836 1786 1872 exclu-

1011 1886 1128 1921 deret.
1158 1884 1217 1921 Sic
1257 1896 1345 1929 ergo
1381 1884 1604 1930 temperavit
1636 1894 1788 1929 respon-

1011 1944 1108 1974 sum,
1127 1936 1168 1968 ut
1188 1943 1257 1967 nec
1276 1932 1349 1967 iilis
1373 1932 1419 1968 sit
1438 1932 1637 1968 calumniae
1657 1931 1783 1976 locus;

1010 1985 1048 2015 et
1078 1979 1262 2018 fidelibus,
1287 1983 1439 2025 propter
1468 1989 1559 2024 quos
1584 1979 1665 2014 haec
1690 1977 1789 2013 rese-

1011 2030 1160 2070 runtur,
1180 2026 1374 2063 manifeste
1395 2029 1574 2072 appareat
1593 2024 1695 2071 quod
1710 2024 1788 2070 ipse

1012 2073 1059 2109 sit
1094 2074 1278 2117 Christus,
1308 2085 1381 2109 non
1414 2075 1526 2109 homo
1560 2076 1721 2116 tantum,
1749 2074 1789 2107 ut

1012 2121 1063 2156 illi
1088 2124 1237 2167 putant,
1260 2121 1325 2156 sed
1350 2122 1510 2156 verbum
1533 2119 1653 2155 Patris
1672 2125 1708 2154 et
1723 2117 1788 2154 Dei

1013 2167 1137 2203 Filius.
1162 2167 1217 2203 llli
1239 2167 1339 2203 enim
1361 2168 1549 2203 Christum
1573 2177 1706 2212 purum
1725 2166 1789 2201 ho-

1013 2218 1152 2250 minem
1180 2215 1337 2250 eredunt
1369 2218 1583 2257 venturum,
1613 2213 1679 2248 sed
1713 2223 1787 2257 prae

1012 2261 1187 2298 omnibus
1207 2265 1465 2308 regnaturum,
1488 2271 1562 2296 non
1583 2271 1672 2306 ergo
1701 2270 1787 2306 pro-

1012 2313 1094 2355 pter
1126 2308 1209 2344 illos
1236 2312 1385 2344 tantum
1420 2307 1613 2354 respondit
1635 2307 1700 2351 eis,
1723 2306 1787 2342 sed

1012 2360 1048 2392 et
1066 2360 1219 2402 propter
1235 2359 1403 2401 posteros
1424 2356 1565 2391 fideles.
1585 2356 1668 2390 Alia
1687 2353 1789 2390 testi-

1012 2403 1139 2438 monia
1162 2403 1261 2448 quod
1284 2402 1329 2437 sit
1356 2413 1466 2438 verns
1484 2403 1596 2445 Deus,
1619 2405 1656 2437 et
1677 2411 1788 2437 verus

1011 2451 1138 2493 homo,
1168 2449 1273 2495 ponit
1306 2450 1483 2492 Joanues,
1517 2448 1645 2484 dicens
1668 2459 1676 2483 z
1701 2450 1787 2484 Tres

1010 2501 1095 2532 sunt
1122 2498 1186 2541 qui
1218 2498 1463 2531 testimonium
1484 2497 1576 2531 dant
1599 2498 1637 2530 in
1671 2496 1754 2530 coelo
1776 2507 1786 2530 .·

1010 2546 1130 2586 Pater,
1149 2544 1316 2587 Verbum,
1333 2548 1365 2578 et
1381 2545 1544 2588 Spiritus
1559 2544 1726 2579 Sanctus.
1741 2544 1789 2578 Et

1010 2595 1080 2626 tres
1093 2593 1177 2625 sunt
1188 2592 1252 2635 qui
1267 2592 1511 2625 testimonium
1521 2591 1611 2625 dant
1620 2591 1657 2624 in
1667 2593 1784 2624 terra:

1008 2640 1176 2681 spiritus,
1199 2641 1358 2682 uqua,et
1379 2639 1532 2681 sanquis
1560 2636 1666 2680 Quod
1688 2637 1787 2671 enim

1009 2686 1177 2720 Christus
1204 2683 1315 2719 fuerit
1334 2685 1512 2724 coelestis.
1536 2684 1573 2719 id
1595 2688 1651 2718 est
1678 2693 1788 2719 verus

1009 2733 1119 2773 Deus,
1137 2729 1395 2766 testimonium
1412 2731 1515 2767 dedit
1533 2731 1786 2775 Pater,quan-

1008 2779 1055 2814 do
1072 2777 1162 2814 dixit
1178 2789 1186 2813 :
1206 2779 1258 2813 Tu
1273 2789 1308 2813 es
1323 2779 1441 2813 Filius
1456 2788 1554 2813 meus
1573 2777 1727 2812 dilectus
1746 2778 1786 2812 in

1009 2836 1079 2871 quo
1093 2826 1186 2860 mihi
1196 2825 1279 2860 bene
1288 2826 1491 2871 complacui
1500 2836 1510 2871 ς
1525 2823 1782 2860 testimonium
