1894 3186
632 174 683 206 DE
722 172 841 205 FiLio
881 168 1045 205 REGULI
1083 167 1269 200 SANXTO.
1711 158 1768 192 135

137 249 252 292 beris,
268 257 337 283 ncc
358 245 464 282 dabis
484 243 549 280 tibi
572 243 733 289 impetus
751 241 910 284 liberos;

137 296 202 333 sed
233 292 512 340 circumspicies
548 301 619 336 quo
654 289 817 325 eundum
852 288 912 332 sit,

137 344 195 380 vel
224 353 414 389 quousque
437 352 444 375 ε
469 353 486 373 )>
509 340 588 374 brec
609 339 753 374 Seneca.
776 338 816 372 ln
844 336 914 371 hoc

139 390 251 427 etiam
281 389 378 435 quod
415 390 495 423 erat
518 385 618 421 tilius
640 383 784 429 Reguli,
806 383 916 418 datur

137 437 294 483 intelligi
322 435 420 481 quod
445 432 618 470 nobilitas
641 431 789 475 generis
817 441 916 476 szepe

139 488 192 521 cst
211 494 323 520 causa
341 480 570 518 infirmitatis
591 478 807 525 spiritualis,
829 477 915 524 quia

139 532 285 568 nobiles
297 541 394 577 sscpe
410 529 616 565 efferuntur
632 526 668 562 in
686 525 914 571 superbiam,

140 589 238 625 saepe
277 585 451 614 exercent
469 575 654 620 rapinam,
681 584 779 619 ssepe
802 573 914 609 etiam

138 626 369 672 immergunt
403 635 441 659 se
464 623 500 658 in
530 623 649 657 lutum
681 620 837 656 luxuriae
880 622 916 655 ct

138 673 341 710 lasciviam.
367 670 581 708 Cavendum
600 679 688 715 ergo
711 668 747 703 in
765 677 917 714 prospe-

138 721 247 757 ritate
283 721 393 766 huius
430 717 574 761 mundi,
604 727 652 752 ne
675 714 918 761 spiritualiter

137 768 386 811 infirmemur,
422 765 510 812 quia
540 767 625 800 tunc
653 766 688 799 et
712 762 855 798 facilius
881 764 918 797 et

139 815 373 861 frequentius
392 824 458 860 per
486 815 679 859 peccatum
701 809 914 855 arripimur.

140 863 247 899 Unde
274 863 545 906 Cl11²y.sos·tomt(s
567 872 577 894 .·
608 873 625 891 «
661 858 813 901 Quando
834 866 918 902 pro-

141 909 319 956 speritate
340 907 674 955 persiaiimurssum
694 905 730 940 in
749 903 920 949 maligni-

140 960 218 994 tate
235 958 516 1000 vivamus,tunc
535 953 655 999 magis
675 952 786 988 nobis
806 954 861 987 est
878 961 920 986 ac

143 1004 264 1051 magis
288 1004 505 1040 dolendum.
534 1003 626 1037 Nam
662 1009 812 1045 semper
839 997 920 1044 qui-

141 1052 225 1088 dem
260 1063 329 1087 nos
352 1052 498 1097 oportet
519 1051 685 1084 metuere
705 1049 919 1093 peccantes,

145 1099 305 1136 maxime
326 1102 451 1135 autem
475 1107 557 1132 cum
578 1095 669 1130 nihil
703 1094 810 1129 triste
840 1103 922 1139 per-

142 1146 314 1193 petimur.
330 1145 483 1189 Quando
496 1143 596 1179 enim
607 1144 704 1177 Deus
719 1151 786 1187 per
797 1144 922 1186 partes

140 1195 186 1230 ab
208 1203 435 1239 unoquoque
459 1193 629 1226 nostrum
643 1198 775 1234 poenas
795 1187 920 1232 exigit,

140 1240 318 1277 leviorem
345 1239 452 1275 nobis
474 1238 593 1283 ipsam
626 1235 921 1272 animadversio-

144 1298 230 1324 nem
258 1287 365 1330 sacit;
409 1285 558 1331 quando
596 1293 685 1319 vero
715 1282 921 1328 patientius

143 1337 274 1371 nostra
305 1334 453 1369 videtur
490 1330 727 1367 dissimulare
768 1328 919 1374 delicta,

141 1382 188 1418 ad
210 1380 409 1419 maximam
441 1390 509 1416 nos
538 1379 577 1414 in
606 1377 744 1413 talibus
774 1386 920 1422 porma-

140 1432 273 1465 nentes
307 1439 457 1474 poenam
491 1428 668 1462 reservat.
706 1437 724 1458 »
761 1424 920 1460 Satiatur

142 1479 267 1513 autem
289 1476 402 1520 filius,
428 1476 522 1510 hora
543 1472 701 1519 septima
720 1470 760 1506 in
781 1470 918 1506 virtute

142 1523 244 1560 verbi
265 1523 331 1559 Dei
355 1535 362 1558 z
386 1524 478 1558 bora
504 1520 601 1557 enim
625 1518 784 1565 septima
803 1517 916 1553 decli-

144 1573 209 1607 nat
243 1571 297 1607 sol
319 1581 340 1606 a
361 1569 518 1606 meridie
544 1572 581 1604 et
598 1565 718 1612 vergit
742 1565 788 1601 ad
810 1575 916 1600 occa-

143 1628 225 1654 sum
244 1630 252 1662 ;
274 1628 357 1654 cum
377 1628 465 1663 ergo
486 1616 571 1651 vitae
589 1617 727 1650 nostrae
747 1612 917 1648 videmus

143 1665 336 1702 transiisse
366 1664 576 1707 meridiem,
599 1665 635 1698 et
658 1672 726 1697 nos
750 1660 788 1696 in
809 1659 917 1696 decli-

142 1712 294 1749 natione
329 1712 484 1757 positos,
510 1714 657 1755 tempus
695 1711 764 1753 est,
801 1711 840 1744 ut
879 1706 917 1742 in

144 1760 281 1796 virtute
320 1759 454 1795 divinae
493 1755 771 1804 praedicationis
808 1754 919 1790 relin-

146 1810 238 1854 quat
270 1818 340 1842 nos
380 1805 508 1851 febris,
555 1807 592 1841 et
630 1803 678 1840 ad
717 1802 919 1839 Dominum

143 1857 419 1892 convertamur.

191 1918 210 1948 7
232 1903 392 1938 mem
415 1913 455 1937 ET
478 1910 705 1935 pecciironmi
738 1908 919 1933 conmm-

147 1960 219 1986 Tio,
239 1969 284 1974 —
314 1950 358 1983 Et
379 1948 584 1984 notandum
606 1946 705 1992 quod
723 1946 819 1981 bene
853 1954 922 1990 per

149 1997 292 2033 febrem
314 1995 550 2042 significatur
578 1996 787 2040 peccatum,
810 1994 846 2027 et
866 1992 919 2026 se-

146 2042 328 2080 bricitans
349 2046 471 2089 potest
494 2041 566 2077 dici
585 2039 706 2076 omnis
734 2041 920 2085 peccator.

147 2091 249 2128 Sicut
289 2091 389 2126 enim
421 2088 635 2125 febricitans
672 2096 773 2123 nunc
810 2086 924 2121 habet

148 2137 324 2182 calorem,
348 2149 446 2174 nunc
476 2136 593 2182 frigus
629 2138 665 2171 et
694 2138 919 2170 tremorem:

149 2187 200 2224 sic
219 2189 395 2230 peccator
414 2185 527 2220 habet
550 2182 660 2218 modo
681 2180 922 2227 cupiditatem

149 2237 185 2271 et
200 2233 457 2284 inordinatum
479 2241 647 2267 amorem
668 2228 759 2265 boni
784 2226 922 2264 transi-

148 2280 250 2322 torn,
272 2283 306 2316 et
328 2281 475 2318 hiccest
511 2278 613 2314 calor
633 2276 781 2317 animae,
809 2275 921 2310 modo

147 2328 262 2364 habet
294 2328 482 2370 timorem,
505 2325 568 2372 qui
594 2328 649 2361 est
674 2323 791 2369 frigus
822 2323 922 2368 ejus-

148 2375 233 2412 dem
262 2376 409 2413 animae.
436 2373 541 2410 Unde
564 2371 652 2408 dicit
676 2371 923 2418 Azcyzcstz'mcs,

149 2425 250 2469 quod
271 2423 397 2459 omnia
416 2424 568 2468 peccata
594 2420 676 2456 dure
699 2429 760 2455 res
783 2416 924 2453 faciunt

149 2470 188 2506 in
205 2470 374 2515 homine,
400 2468 542 2505 scilicet
568 2479 576 2504 ε
596 2467 709 2502 timor
730 2468 766 2502 et
786 2463 925 2511 cupidi-

150 2521 220 2554 tas.
251 2517 377 2554 Timor
410 2515 499 2552 facit
531 2515 662 2562 fugare
694 2512 821 2550 omnia
841 2522 924 2557 quae

150 2568 238 2602 sunt
257 2563 359 2601 carni
374 2564 549 2607 molesta3
566 2560 750 2608 cupiditas
764 2570 852 2596 vero
871 2559 924 2594 sa-

151 2612 201 2648 cit
231 2616 407 2658 appetere
437 2610 563 2646 omnia
592 2620 674 2656 quae
703 2610 788 2645 sunt
822 2604 926 2642 carni

150 2659 292 2696 suavia.
321 2660 365 2694 Et
396 2658 600 2694 secundum
626 2657 707 2693 haec
741 2655 831 2698 duo,
859 2653 925 2688 du-

150 2706 285 2758 plicem
319 2716 469 2752 poenam
492 2704 645 2741 habebit
677 2706 850 2750 peccator
889 2699 927 2734 in

151 2753 311 2798 inferno,
330 2754 434 2799 juxta
454 2752 545 2788 illud
565 2752 635 2789 Job
664 2762 672 2787 t
695 2750 757 2786 Ad
774 2748 927 2785 nimium

153 2801 304 2836 colorem
340 2801 513 2836 transibit
545 2799 590 2835 ab
625 2799 732 2844 aquis
770 2796 923 2832 nivium.

989 241 1090 275 Inter
1117 238 1242 272 cetera
1263 234 1375 270 ctiam
1408 230 1650 269 incommoda
1685 239 1767 275 quae

988 285 1128 332 patitur
1158 282 1389 325 febricitans,
1421 283 1476 315 est
1513 278 1625 322 istud,
1665 277 1766 322 quod

989 333 1099 369 habet
1120 331 1286 377 palatum
1314 327 1586 369 inordii‘iatum,
1615 327 1768 371 propter

990 380 1088 427 quod
1122 377 1245 414 dulcia
1283 375 1455 411 videntur
1477 374 1543 410 sibi
1581 382 1708 408 amara
1733 374 1768 406 et

990 426 1172 473 insipida,
1191 427 1240 468 et,
1257 435 1276 460 e
1292 434 1486 465 converso,
1509 419 1767 456 eodemmodo

990 477 1164 522 peccator
1185 472 1237 509 sic
1261 471 1375 507 habet
1394 469 1647 505 inordinatum
1671 466 1772 512 pala-

990 526 1083 566 tum,
1118 520 1217 567 quod
1245 517 1373 555 omnia
1396 515 1603 563 spiritualia
1623 513 1692 548 sibi
1714 513 1766 547 vi-

992 571 1127 605 dentur
1146 566 1321 613 insipida.
1344 565 1487 601 Dis-itur
1506 568 1630 599 aulem
1655 561 1769 595 l'cbris

992 628 1013 653 a
1035 618 1192 658 fervore,
1222 617 1259 650 et
1284 613 1366 649 ideo
1395 611 1519 648 omnis
1557 608 1771 644 inordinata

991 664 1133 711 passio,
1157 663 1306 699 fervens
1333 660 1419 706 igne
1456 657 1636 701 maligno,
1660 654 1772 689 scbris

993 715 1047 748 est
1070 710 1219 747 animte.
1238 710 1339 746 Sicut
1359 710 1485 744 autem
1510 707 1593 741 sunt
1614 703 1771 737 diversfe

993 759 1135 805 species
1172 756 1350 800 febrium,
1377 755 1429 790 sic
1457 752 1567 789 etiam
1602 753 1686 785 sunt
1718 749 1775 785 di-

992 816 1099 842 versa
1121 815 1261 851 genera
1285 805 1537 849 peecatorum
1569 798 1694 833 Prima
1716 800 1767 832 est

995 855 1194 899 ephemera,
1215 861 1297 897 (pite
1325 850 1463 886 dicitur
1494 848 1540 883 ab
1572 847 1773 891 cpliemero

992 901 1094 948 pisce
1116 900 1276 942 marino,
1297 897 1359 944 qui
1383 896 1515 933 eodem
1537 893 1595 928 die
1619 903 1692 937 quo
1711 902 1771 927 na-

995 948 1125 991 scitur,
1151 946 1336 989 moritur3
1362 948 1397 979 et
1424 941 1609 988 significat
1632 943 1773 974 motum

995 995 1218 1031 inordinatse
1252 990 1449 1039 passionis,
1490 992 1526 1025 et
1563 986 1775 1033 specialiter

996 1042 1161 1078 subitum
1183 1040 1248 1076 iras
1271 1044 1428 1082 motum,
1451 1035 1515 1082 qui
1538 1036 1648 1071 debet
1671 1032 1773 1068 finiri

996 1093 1081 1126 ante
1104 1088 1193 1124 solis
1223 1096 1410 1129 occasum,
1445 1083 1651 1119 secundum
1681 1080 1773 1116 illud

996 1135 1163 1182 Apostoli
1187 1150 1193 1171 z
1224 1136 1286 1170 Sol
1306 1144 1376 1168 non
1401 1131 1542 1167 occidat
1566 1140 1674 1173 super
1700 1130 1773 1162 ira-

996 1184 1166 1219 cundiam
1187 1185 1357 1217 vestram.
1380 1200 1425 1205 —-
1458 1177 1628 1214 Secunda
1657 1175 1772 1211 febris

998 1234 1053 1266 est
1073 1232 1245 1271 tertiana,
1268 1238 1350 1273 quze
1379 1236 1455 1262 uno
1477 1225 1536 1260 die
1574 1223 1772 1259 interrum-

995 1277 1114 1324 pitur3
1138 1287 1210 1322 qua
1231 1276 1404 1311 laborant
1423 1272 1477 1307 illi
1497 1271 1560 1317 qui
1581 1281 1664 1305 cum
1686 1280 1772 1315 pec-

997 1323 1163 1361 caverint
1184 1322 1311 1359 dolent
1333 1322 1377 1357 de
1390 1323 1558 1366 peccato,
1579 1321 1615 1354 et
1637 1317 1689 1352 sic
1710 1317 1773 1352 ha-

997 1373 1084 1408 bent
1103 1380 1220 1406 unum
1241 1369 1340 1405 diem
1355 1366 1601 1414 poenitentife,
1619 1375 1701 1410 quae
1717 1367 1773 1399 est

995 1418 1184 1462 contritio,
1224 1416 1287 1453 sed
1335 1416 1382 1452 ad
1426 1414 1634 1450 secundum
1671 1410 1770 1447 diem

994 1463 1242 1502 confessionis
1259 1474 1332 1499 non
1369 1461 1609 1509 perveniunt,
1628 1462 1663 1495 et
1685 1458 1768 1494 ideo

993 1513 1118 1549 statim
1152 1512 1191 1547 in
1219 1511 1319 1546 idem
1343 1510 1518 1546 redeunt.
1569 1528 1598 1533 ss—
1650 1505 1774 1542 Tertia

991 1560 1105 1596 febris
1123 1562 1179 1595 est
1201 1561 1396 1604 quartana,
1419 1555 1482 1592 ubi
1500 1555 1573 1590 duo
1593 1553 1672 1589 dies
1688 1553 1773 1589 abs-

992 1618 1062 1653 que
1099 1605 1313 1642 accessione
1342 1606 1449 1639 sunt.
1478 1601 1637 1645 Quidam
1672 1599 1772 1636 enim

991 1657 1074 1701 post
1102 1652 1355 1690 accessionem
1386 1649 1542 1697 peccati,
1565 1649 1658 1683 duos
1692 1646 1771 1683 dies

991 1700 1236 1748 poenitentiae,
1265 1699 1406 1735 scilicet
1438 1695 1705 1733 contritionem
1734 1698 1772 1730 et

993 1748 1266 1785 confessionem
1316 1748 1539 1787 assumunt;
1574 1742 1652 1785 sed,
1685 1741 1772 1787 quia

989 1797 1094 1843 juxta
1115 1792 1319 1831 sacerdotis
1354 1791 1566 1833 arbitrium,
1598 1790 1645 1825 ad
1672 1789 1771 1824 diem

992 1842 1160 1886 tertium,
1200 1841 1341 1877 scilicet
1374 1836 1656 1880 satisfactionis,
1695 1845 1773 1871 non

993 1890 1230 1937 perveniunt,
1266 1887 1351 1924 ideo
1394 1896 1525 1922 rursus
1560 1883 1598 1919 in
1629 1882 1773 1930 peccati

994 1937 1210 1985 passionem
1231 1935 1412 1971 incidunt.
1435 1954 1476 1959 —-
1498 1933 1638 1975 Quarta
1659 1929 1772 1966 febris

996 1988 1052 2021 cst
1085 1984 1317 2030 quotidiana,
1351 1991 1483 2017 eorum
1514 1978 1686 2014 videlicet
1708 1976 1772 2023 qui

996 2033 1138 2078 absque
1178 2029 1403 2066 contritione
1439 2026 1565 2072 aliqua
1597 2026 1772 2070 frequen·-

995 2082 1075 2114 tant
1097 2078 1208 2119 mala,
1233 2076 1294 2123 qui
1322 2076 1368 2112 ad
1398 2074 1563 2110 litteram
1590 2072 1691 2108 omni
1714 2071 1773 2108 die

996 2127 1092 2172 gulae
1115 2124 1294 2167 serviunt,
1322 2125 1385 2159 aut
1406 2119 1611 2157 mendaciis
1642 2123 1678 2155 et
1698 2118 1774 2154 liti-

996 2175 1078 2217 bus,
1102 2183 1167 2208 seu
1189 2170 1324 2217 jurgiis
1350 2171 1496 2205 vacant.
1528 2189 1561 2192 -
1587 2167 1660 2202 Sed
1678 2167 1774 2202 hanc

997 2219 1167 2265 sequitur
1187 2218 1301 2254 febris
1327 2216 1471 2263 quinta,
1499 2213 1638 2250 scilicet
1660 2214 1774 2249 conti-

995 2279 1084 2311 nua,
1114 2266 1201 2312 quia
1230 2263 1571 2310 frequentationem
1605 2259 1774 2306 sequitur

998 2313 1247 2356 continuitas;
1271 2315 1307 2348 et
1333 2311 1404 2347 hac
1423 2311 1526 2346 febre
1549 2308 1708 2344 maxime
1726 2307 1775 2343 la-

998 2363 1132 2397 borant
1153 2357 1330 2396 luxuriosi
1348 2361 1383 2394 et
1402 2356 1517 2393 invidi
1530 2360 1642 2401 atque
1657 2353 1774 2399 avari,

998 2408 1060 2454 qui
1080 2404 1554 2455 propterconsuetudinem
1576 2402 1776 2438 difficulter

998 2459 1157 2502 possunt
1190 2453 1325 2490 curari.
1351 2473 1397 2479 —
1418 2453 1526 2488 Sexta
1566 2450 1679 2485 febris
1718 2451 1773 2484 est

995 2504 1073 2550 Jam
1092 2504 1280 2550 generatae
1295 2497 1590 2541 consuetudinis,
1608 2507 1689 2542 quae
1707 2505 1776 2542 per

999 2552 1154 2586 ethicam
1175 2547 1410 2594 intelligitur.
1440 2545 1570 2581 Ethica
1596 2544 1697 2580 enim
1719 2542 1775 2578 di-

999 2597 1108 2643 citur,
1146 2607 1228 2644 quae
1261 2596 1300 2632 in
1336 2603 1481 2630 morem
1517 2595 1571 2628 est
1594 2591 1772 2632 deducta;

998 2647 1071 2689 ἔθος
1105 2659 1268 2695 namque
1289 2647 1415 2683 Graece
1443 2655 1524 2681 mos
1549 2643 1772 2690 appellatur.

1001 2700 1086 2734 Haec
1106 2700 1232 2733 autem
1251 2694 1366 2731 febris
1389 2692 1581 2729 radicatur
1601 2691 1639 2725 in
1663 2697 1778 2724 mem-

1000 2744 1091 2790 bris,
1113 2748 1150 2781 et
1170 2742 1379 2780 naturalem
1398 2738 1659 2776 humiditatem
1678 2745 1778 2787 assu-

1002 2791 1070 2828 mit
1090 2794 1126 2829 et
1153 2788 1354 2834 consumit,
1376 2790 1411 2824 et
1431 2784 1643 2833 specialiter
1663 2781 1778 2828 signi-
