1894 3186
140 203 201 237 330
640 206 787 241 PRIMAE
824 207 981 241 PARTIS
1021 207 1155 242 CAPUT
1194 209 1268 244 XCI

145 278 182 312 et
193 276 307 313 verba
322 279 453 314 sancta
464 277 674 323 discuntur,
690 283 727 316 ut
746 280 795 317 ibi
813 294 819 318 :
839 283 922 325 Quae

143 324 270 359 sedens
303 335 402 361 secus
431 325 541 371 pedes
567 329 724 368 Domini,
745 332 837 373 etc.;
859 329 920 364 ubi

143 374 180 406 et
201 371 338 416 gaudia
361 376 603 418 renovantur,
626 381 664 411 ut
682 375 731 412 ibi
756 387 764 411 2
783 377 921 412 Acces—

140 421 264 454 serant
286 422 318 454 et
339 423 529 457 tenuerunt
547 423 655 466 pedes
674 423 764 467 ejus,
785 428 853 459 etc.
874 426 920 459 Et

141 467 285 501 curavit
298 477 368 509 eos,
386 467 464 503 solo
479 469 606 505 verbo.
626 470 691 506 Ille
706 471 842 516 quippe
859 482 918 506 so-

139 512 175 547 lo
210 513 324 550 verbo
356 518 504 561 poterat
534 527 679 561 curare,
708 517 769 562 qui
800 520 919 554 totum

138 559 319 596 mundum
339 561 418 598 solo
439 561 553 599 verbo
581 565 626 600 de
660 564 777 600 nihilo
798 564 920 610 potuit

139 617 283 653 creare,
305 610 359 644 ita
391 612 432 645 ut
459 612 573 646 turba>
598 613 832 653 mirarentur,
861 614 918 648 vi-

139 654 263 690 dentes
282 659 399 692 mutos
420 658 615 703 loquentes,
628 660 776 694 claudos
796 660 920 695 amba-

138 702 173 737 la
180 705 381 744 ntes‚eaecos
393 705 713 746 vidente3,scilicet
724 717 853 742 omnes
866 708 917 743 in-

137 749 266 785 firmos
276 754 446 796 sanat‹›s;
469 757 501 787 et
511 754 795 798 maqnificabant
806 756 917 790 Deum

135 798 250 832 Israel
278 809 286 833 2
319 798 419 843 quia,
460 800 667 835 secundum
703 802 915 846 chrysosto-

136 855 247 885 mum,
270 845 468 882 multitudo
490 858 619 883 eorum
641 847 704 889 qui
731 850 914 885 curaban-

136 894 209 935 tur,
231 895 266 927 et
290 892 449 928 facilitas
469 894 676 930 sanationis
697 906 759 931 eos
780 895 817 931 in
837 900 913 932 stu-

134 948 264 984 porem
290 939 473 976 mittebat.
492 943 556 978 Hic
578 942 734 978 enimin
751 944 913 988 quodam

133 985 299 1030 generali
318 987 576 1034 multiplicavit
589 990 704 1025 multa
717 991 911 1033 miracula,

134 1035 171 1068 et
189 1032 422 1070 diversorum
443 1046 639 1081 generum,
661 1048 742 1083 quai
763 1042 913 1084 propter

133 1079 410 1117 multitudinem
442 1082 480 1119 in
502 1084 715 1129 particulari
752 1086 910 1122 describi

132 1138 206 1162 non
239 1132 413 1174 poterant
436 1142 444 1166 ι
468 1131 567 1176 quia,
591 1131 620 1167 si
642 1131 678 1168 in
694 1133 910 1178 particulari

134 1174 422 1220 explicarentur,
441 1189 559 1214 unum
577 1190 754 1223 magnum
772 1180 910 1217 librum

132 1221 358 1268 implerent3
382 1229 536 1271 propter
560 1227 658 1272 quod
682 1227 772 1263 dicit
797 1229 908 1264 Joan—

130 1279 212 1313 neS,
235 1271 334 1315 quod
361 1271 389 1306 si
422 1272 547 1308 omnia
574 1276 670 1310 tacta
697 1274 833 1310 Christi
855 1286 909 1311 es-

131 1320 215 1352 sent
236 1317 386 1363 scripta‚
400 1322 501 1355 totus
518 1321 679 1357 muudus
695 1332 767 1357 non
783 1325 909 1368 posset

130 1373 264 1409 capere
297 1365 426 1410 libros,
459 1367 520 1411 qui
554 1368 740 1404 scribendi
767 1372 904 1405 essent.

132 1410 243 1446 Ponit
265 1422 352 1457 ergo
374 1412 434 1448 hie
456 1414 771 1460 multiplicitatem
799 1417 906 1452 infir-

130 1468 293 1502 morum,
314 1462 351 1495 et
365 1459 578 1505 specialiter
594 1462 713 1508 tangit
732 1466 906 1508 quatuor,

129 1504 269 1541 scilicet
292 1517 300 1542 :
327 1510 464 1551 mutos,
495 1508 663 1553 claudos,
700 1520 832 1555 caecos,
871 1514 907 1547 et

127 1552 283 1588 debiles.
299 1552 554 1600 Spiritualiter
569 1559 692 1593 mutos
708 1558 903 1602 babemus,

128 1610 170 1635 ex
183 1600 327 1637 delectu
345 1602 429 1637 boui
447 1605 654 1647 sermonis;
676 1605 844 1649 claudos,
862 1616 904 1642 ex

126 1646 272 1683 defectu
308 1648 397 1684 boni
425 1650 573 1695 operis:
606 1662 737 1694 crecos,
767 1663 809 1689 ex
844 1653 906 1689 dc-

127 1694 223 1731 fectu
258 1706 355 1732 verte
386 1697 632 1743 cognitionis;
663 1699 823 1744 debiles,
857 1710 904 1737 ex

129 1741 275 1778 defectu
308 1744 417 1780 houae
448 1744 662 1782 voluntatis.
697 1748 740 1783 Et
772 1751 905 1784 notan-

128 1788 228 1829 dum.
252 1790 443 1835 quoniam,
467 1794 674 1830 secuudum
702 1795 903 1839 Oriqenem,

126 1837 248 1881 primo
269 1841 324 1873 est
348 1839 521 1875 debilitas
542 1840 579 1875 iu
602 1842 814 1886 voluntate;
844 1843 905 1879 de-

127 1883 228 1927 inde,
260 1885 429 1929 sequitur
452 1887 598 1923 meritas
620 1889 656 1924 in
684 1889 844 1932 ratione,
868 1893 903 1926 et

124 1930 177 1966 sic
198 1931 381 1967 claudicat
402 1932 439 1968 in
461 1935 700 1980 operatione;
724 1940 759 1971 ct
783 1947 826 1972 ex
846 1936 904 1972 his

129 1978 298 2024 sequitur
327 1980 478 2016 mutilas
507 1993 528 2017 a
547 1982 673 2018 diviua
695 1984 819 2027 laude,
839 1984 905 2019 sed

126 2024 186 2060 hic
207 2025 429 2063 ordinantur
450 2030 655 2065 secuudum
681 2031 906 2076 maguitudi-

127 2083 213 2108 nem
244 2075 468 2111 uocurueuti.
494 2076 559 2111 Ubi
589 2078 715 2114 Glossa
740 2091 750 2113 .-
775 2091 791 2111 «
816 2078 904 2114 Muti

128 2126 254 2155 autem
276 2124 376 2164 sunt,
399 2122 462 2168 qui
486 2135 558 2158 non
583 2124 737 2160 laudant
760 2126 901 2170 Deum;

128 2167 229 2205 caeci,
253 2168 315 2214 qui
339 2180 410 2204 uon
442 2170 654 2216 intelligunt
674 2172 771 2208 viam
792 2172 902 2217 vitre,

128 2214 263 2259 claudi,
288 2215 348 2260 qui
372 2227 438 2261 per
461 2218 568 2254 devia
596 2219 681 2254 boui
709 2219 847 2265 operis,
869 2224 904 2256 et

125 2272 201 2297 nou
233 2267 332 2297 recte
365 2267 520 2307 euntes;
544 2266 687 2302 debiles
715 2271 813 2310 sunt,
842 2267 903 2313 qui

127 2307 268 2343 infirmi
290 2314 375 2344 suut
396 2309 431 2345 iu
453 2312 559 2347 bonis
578 2313 767 2359 operibus.
784 2316 905 2350 Mutos

129 2366 218 2401 ergo
255 2360 378 2399 curat,-
398 2369 481 2392 rum
518 2371 647 2395 eorum
687 2360 834 2407 linguas
868 2362 905 2397 in

127 2402 277 2438 laudem
316 2405 372 2438 sui
413 2405 600 2441 Creatoris
631 2408 737 2443 solvit
757 2420 764 2452 ;
788 2420 906 2444 caecos

129 2448 328 2494 illuminat,
352 2462 435 2486 cum
458 2451 719 2496 ignorantibus
746 2454 905 2501 cogniti-

129 2507 239 2532 onem
267 2508 343 2533 suae
375 2498 505 2535 salutis
538 2499 717 2545 infundit,
754 2504 906 2539 claudos

127 2547 249 2588 sanat,
286 2555 368 2580 cum
406 2544 443 2581 in
476 2546 534 2582 via
565 2548 719 2593 justitizn
755 2561 905 2595 gressus

127 2602 258 2627 eorum
278 2591 407 2637 dirigit
424 2604 431 2635 ;
451 2593 592 2630 debiles
611 2596 800 2640 fortificat,
821 2609 904 2633 cum

126 2638 254 2684 pigros
277 2642 312 2674 et
337 2638 546 2677 accidiosos
581 2643 728 2688 operari
767 2645 904 2680 bonum

130 2685 287 2721 viriliter
320 2686 419 2722 facit.
446 2689 578 2724 Turbae
606 2701 692 2725 vero
720 2692 905 2727 mirantur

127 2736 163 2768 et
186 2734 303 2768 Deum
331 2733 558 2779 glorificant,
582 2748 664 2772 cum
694 2747 735 2772 ex
768 2738 903 2774 talibus

125 2780 398 2817 mutationibus
420 2792 502 2828 quae
530 2787 617 2819 sunt
647 2785 807 2820 dexterae
843 2787 905 2821 Ex-

128 2827 216 2863 celsi
248 2828 364 2864 Deum
392 2828 561 2868 laudant.
585 2844 602 2865 »
624 2831 692 2868 Ubi
718 2836 754 2868 et
782 2834 903 2869 Raba-

995 290 1063 315 nus
1084 291 1095 315 .·
1119 280 1333 317 «Ascendit
1365 284 1490 318 autem
1522 282 1559 318 in
1586 286 1767 329 montem,

996 330 1035 362 ut
1066 325 1208 363 scilicet
1240 329 1429 365 auditores
1463 340 1551 366 suos
1577 331 1697 377 erigat
1721 333 1768 369 ad

995 385 1158 416 superna
1190 378 1226 411 et
1255 376 1421 412 coelestia
1448 378 1687 425 meditanda3
1715 391 1769 416 se-

994 421 1180 468 debatque
1214 422 1279 464 ibi.
1302 427 1342 460 ut
1375 425 1652 462 demonstraret
1692 438 1768 463 non

994 467 1064 504 nisi
1086 467 1125 504 in
1146 470 1360 507 coelestibus
1378 473 1546 517 requiem
1567 484 1649 509 esse
1670 484 1769 520 quae-

992 516 1164 554 rendam.
1184 518 1235 553 Eo
1253 521 1378 554 autem
1396 520 1549 556 sedente
1566 519 1601 556 in
1625 524 1767 565 monte,

992 562 1030 599 id
1041 566 1098 599 est
1117 563 1154 599 in
1175 565 1355 602 coelorum
1375 577 1476 610 arce,
1495 569 1678 604 accedunt
1694 572 1770 604 tur-

992 611 1050 647 bae
1072 610 1239 648 fidelium
1263 612 1398 649 devota
1416 617 1541 651 mente
1561 614 1615 651 illi
1638 625 1770 662 appro-

991 657 1232 704 pinquantes,
1259 660 1435 697 ducentes
1463 671 1591 698 secum
1630 666 1768 707 mutos,

993 709 1028 741 et
1049 717 1182 750 caecos,
1202 710 1237 742 et
1256 706 1350 743 alios
1376 707 1560 752 infirmos,
1583 712 1619 744 et
1637 720 1702 746 eos
1722 710 1768 746 ad

991 753 1107 799 pedes
1136 755 1224 790 Jesu
1249 754 1477 800 projiciunt;
1505 755 1593 801 quia
1618 760 1771 802 peccata

992 801 1214 836 confitentes
1248 801 1318 846 ipsi
1346 801 1413 837 soli
1441 803 1626 838 curandos
1652 804 1770 850 subji-

992 847 1106 884 ciunt.
1125 849 1224 891 Quos
1239 848 1290 884 ita
1309 852 1427 892 curat,
1444 853 1485 885 ut
1498 851 1617 886 turbae
1630 853 1769 887 miren-

989 898 1051 931 tur
1071 899 1107 931 et
1134 895 1378 941 magnificent
1396 898 1511 932 Deum
1533 898 1662 941 lsrael,
1682 898 1770 944 quia

990 943 1121 978 fideles
1149 944 1300 988 quando
1328 942 1487 979 viderint
1512 955 1577 980 eos
1603 945 1664 990 qui
1686 945 1770 991 spi—

990 990 1176 1026 ritualiter
1188 994 1481 1036 aegrotaverunt,
1498 991 1656 1042 diversis
1678 1003 1767 1039 ope-

989 1037 1095 1073 ribus
1120 1037 1299 1074 virtutum
1327 1038 1480 1083 ditatos,
1514 1039 1665 1075 laudem
1692 1041 1768 1077 Deo

989 1085 1192 1121 decantant
1213 1098 1223 1120 .·
1243 1098 1259 1118 »
1282 1086 1361 1122 haec
1381 1087 1564 1122 Rabanns.

1038 1146 1055 1168 2
1085 1134 1283 1168 Missenio
1320 1134 1452 1169 Donum
1486 1145 1596 1170 suren
1628 1145 1769 1171 TURBAM

989 1191 1059 1216 nnn
1085 1191 1305 1220 snocnxrnn.
1341 1201 1382 1206 —-
1426 1181 1516 1216 Cum
1543 1192 1633 1227 ergo
1661 1183 1769 1218 turba

987 1229 1104 1263 multa
1131 1232 1221 1263 esset
1247 1238 1332 1263 cum
1355 1229 1459 1272 Jesu,
1490 1239 1553 1264 nec
1583 1230 1767 1271 haberent,

988 1275 1084 1319 quod
1100 1276 1375 1319 manducarent,
1390 1278 1594 1312 convocatis
1609 1277 1768 1322 discipu-

988 1323 1034 1357 lis
1059 1324 1149 1362 suis,
1179 1322 1403 1368 loquebatur
1433 1333 1517 1358 cum
1546 1323 1599 1359 eis
1626 1324 1672 1359 de
1699 1324 1768 1359 hoc

987 1369 1085 1415 quod
1113 1370 1278 1404 facturus
1304 1373 1400 1405 erat.
1427 1371 1637 1406 Secundum
1663 1371 1766 1407 Glos—

986 1427 1076 1459 sam,
1087 1416 1192 1462 prius
1204 1416 1373 1452 Christus
1385 1416 1623 1453 infirmorum
1638 1418 1767 1453 debili-

986 1466 1080 1498 tates
1107 1463 1328 1507 abstulerat,
1354 1469 1485 1509 postea
1507 1474 1595 1500 vero
1623 1465 1765 1501 sanatis

985 1510 1087 1546 cibos
1115 1510 1247 1554 offert;
1277 1509 1366 1556 quia
1399 1510 1502 1557 prius
1534 1512 1765 1548 removenda

985 1561 1070 1593 suut
1089 1560 1254 1603 peccata,
1276 1562 1312 1593 et
1337 1563 1468 1604 postea
1490 1558 1616 1595 anima
1639 1560 1766 1595 verbis

986 1605 1048 1640 Dei
1067 1604 1280 1641 nutrienda.
1298 1605 1422 1641 Voluit
1436 1610 1563 1641 autem
1581 1606 1764 1642 Dominus

983 1651 1086 1697 prius
1101 1651 1306 1697 discipulos
1325 1663 1533 1689 convocare
1551 1656 1587 1689 et
1605 1664 1688 1690 cum
1709 1653 1764 1690 eis

983 1699 1083 1745 loqui
1111 1699 1278 1744 pluribus
1296 1700 1342 1736 de
1364 1700 1487 1736 causis
1511 1711 1519 1736 ι
1543 1700 1679 1747 prima,
1697 1711 1764 1737 se-

983 1747 1145 1783 cundum
1181 1749 1453 1792 Hieronymum,
1494 1751 1534 1784 ut
1572 1748 1764 1794 magistris

982 1793 1123 1831 tribuat
1149 1795 1358 1840 exemplum
1387 1805 1461 1830 non
1488 1797 1637 1841 semper
1657 1806 1763 1842 sper-

983 1852 1070 1877 nere
1092 1852 1176 1877 cum
1199 1841 1408 1877 minoribus
1431 1842 1637 1887 consiliari,
1660 1847 1696 1878 et
1716 1843 1763 1879 de

982 1888 1137 1933 agendis
1172 1890 1398 1935 quandoque
1441 1900 1504 1925 eos
1538 1890 1760 1936 consulere;

983 1936 1159 1979 secunda,
1185 1936 1391 1972 secundum
1432 1937 1622 1977 eumdem,
1651 1941 1690 1972 ut
1720 1948 1763 1973 ex

983 1983 1230 2019 collocutione
1252 1983 1461 2029 intelligant
1476 1984 1573 2029 signi
1594 1984 1764 2030 magnifi-

983 2030 1166 2075 centiam3
1191 2030 1315 2068 tertia.
1346 2034 1386 2066 ut
1421 2031 1639 2067 ostenditur
1678 2042 1765 2068 ma-

983 2077 1139 2123 gnitudo
1167 2077 1437 2114 misericordiae
1459 2089 1550 2122 suae,
1573 2089 1655 2124 quae
1677 2079 1761 2115 diu-

983 2125 1058 2160 tius
1080 2124 1308 2161 intrinsecus
1329 2125 1447 2161 latere
1468 2136 1542 2161 non
1564 2127 1698 2172 potuit.
1718 2127 1763 2162 Et

984 2175 1037 2207 ait
1055 2174 1132 2207 illis
1147 2185 1157 2208 .·
1181 2174 1353 2208 Misereor
1366 2183 1476 2217 super
1492 2174 1648 2208 turbam.
1668 2175 1760 2210 Ecce

984 2220 1137 2255 verbum
1172 2219 1276 2254 mirre
1309 2219 1517 2255 dulcedinis
1543 2223 1580 2255 et
1606 2220 1759 2265 amoris,

983 2267 1191 2313 procedens
1213 2277 1255 2302 ex
1275 2266 1416 2301 intimis
1429 2266 1553 2302 cordis
1573 2267 1760 2312 medullis,

983 2319 1019 2349 et
1039 2313 1256 2359 pertingens
1275 2324 1341 2348 suo
1360 2313 1486 2358 vigore
1508 2325 1625 2359 usque
1642 2315 1688 2350 ad
1709 2314 1763 2350 in-

983 2360 1075 2396 tima
1109 2364 1249 2396 nostra.
1279 2362 1405 2405 Neque
1433 2360 1533 2396 enim
1566 2361 1662 2397 alius
1689 2365 1760 2406 est,

984 2408 1043 2454 qui
1068 2408 1206 2443 nostris
1227 2407 1388 2443 miseriis
1408 2407 1460 2442 sic
1476 2408 1675 2444 miserator
1698 2408 1760 2453 sit,

984 2455 1301 2501 quemadmodum
1328 2454 1506 2491 Conditor
1539 2461 1680 2500 noster,
1698 2457 1761 2492 Cu-

979 2503 1042 2548 jus
1071 2504 1317 2537 miserationes
1356 2512 1464 2547 saper
1493 2505 1613 2538 omnia
1649 2514 1761 2556 ‘opera

983 2550 1073 2594 ejus.
1102 2551 1176 2585 Hoc
1198 2550 1351 2585 verbum
1374 2549 1464 2585 dixit
1491 2550 1690 2596 Apostolis.
1719 2553 1759 2586 ut

983 2607 1112 2633 eorum
1134 2596 1279 2633 animos
1300 2596 1345 2631 ad
1364 2596 1542 2642 pietatem
1560 2601 1596 2633 et
1619 2597 1759 2633 miseri-

983 2643 1151 2680 cordiam
1172 2643 1365 2679 induceret
1391 2648 1427 2680 et
1450 2644 1661 2680 inclinaret.
1694 2645 1758 2680 Se-

983 2691 1146 2727 cundum
1181 2691 1358 2734 Glossam,
1382 2696 1606 2738 compatitur
1628 2698 1669 2727 ut
1689 2702 1758 2727 ve-

982 2750 1045 2774 rus
1068 2739 1192 2781 homo,
1216 2738 1333 2784 pascit
1356 2742 1393 2773 ut
1414 2740 1522 2774 Deus.
1545 2741 1586 2774 Et
1601 2739 1756 2785 snbjun-

982 2785 1081 2829 gitur
1107 2785 1203 2822 ratio
1238 2785 1490 2822 miserationis
1510 2785 1657 2833 duplex,
1685 2784 1756 2839 sci-

982 2832 1069 2869 licet
1096 2845 1103 2871 :
1128 2832 1392 2879 longanimitas
1426 2847 1436 2870 .·
1458 2835 1552 2878 Quia
1578 2844 1652 2870 ecce
1673 2844 1754 2879 qam
