1894 3186
145 187 205 221 350
781 179 915 213 lNDEX
955 176 1144 210 CAPI'I'UM

436 332 585 370 CAPUT
603 332 724 369 LXVI.
744 349 788 355 -
805 332 856 366 De
875 328 1114 365 decollatione
1129 328 1280 367 Joanm's
1300 327 1489 373 Baptistae.

174 481 185 503 1
210 461 400 501 Passionis
433 461 591 502 Joannis
629 461 807 509 Baptistae

194 512 392 548 motivum.

171 575 188 597 2
212 557 514 596 Circumstantiae
538 559 652 605 hujus
681 555 809 592 decol-

194 606 360 643 lationis.

172 658 192 690 5
213 655 291 698 Quo
314 653 375 690 die
399 654 496 690 sacta
515 653 627 689 suerIt
647 652 728 687 haee
748 650 809 686 de-

192 701 343 738 collatio
365 705 403 737 et
430 702 624 748 sepultura
649 697 807 735 Joannis

193 749 387 795 Baptistae.

167 800 187 841 4
205 795 364 834 Joannis
384 794 561 842 Baptistae
586 792 808 830 innocentia

197 847 233 880 et
250 843 442 879 humilitas
466 843 502 877 in
523 846 657 878 morte.

169 895 187 927 5
229 891 424 934 Quomodo
456 891 623 929 Joannes
661 890 804 935 martyr

197 937 335 974 Christi
356 936 482 975 fuerit.

1021 460 1042 493 6
1062 455 1250 493 Patientia
1269 455 1308 491 in
1325 454 1494 492 adversis
1513 460 1654 503 marty-

862 508 924 552 157
1044 515 1124 541 rem
1151 503 1254 539 facit.

1021 567 1040 598 7
1061 551 1318 588 At'ssictionum
1344 554 1381 587 et
1404 551 1655 589 tentationum

862 603 927 637 158
1043 599 1200 636 utilitas.

1020 650 1041 683 8
1055 645 1221 692 Martyrii
1235 645 1514 682 commendatio
1529 650 1656 683 etme-

1044 694 1105 730 riti
1126 704 1263 731 causae.

859 747 925 791 159
1015 759 1035 791 9
1047 743 1245 788 Speculum
1261 739 1456 787 spirituale
1472 739 1657 776 memoria

1045 791 1281 833 Sanctorum,
1319 789 1526 834 Martyrum
1558 799 1654 835 prae-

861 843 924 887 159
1046 836 1188 873 sertim.

1000 900 1040 921 10
1053 885 1331 921 Condemnatur
1341 881 1492 929 ignavia
1505 892 1637 921 eorum
1647 911 1656 928 ,

862 937 925 973 160
1041 931 1104 978 qui
1127 933 1284 970 sanctos
1303 930 1443 969 imitari
1462 933 1652 970 recusant.

342 1099 491 1137 CAPUT
512 1097 650 1136 LXVII.
673 1115 718 1126 -·
737 1098 788 1133 De
806 1095 1001 1140 refectione
1021 1095 1183 1142 quinque
1204 1094 1364 1131 millium
1384 1094 1582 1131 hominum.

177 1246 188 1268 1
211 1229 345 1266 Turbae
366 1228 556 1265 Christum
572 1227 816 1268 secedentem

196 1278 234 1313 in
254 1276 446 1314 desertum
467 1278 690 1323 sequuntur.

173 1339 190 1361 2
212 1324 431 1369 Benignitas
459 1323 597 1361 Christi
618 1333 710 1370 erga
746 1332 812 1359 eas

195 1372 404 1417 multiplex.

171 1422 191 1455 5
211 1421 283 1456 Cur
303 1417 546 1463 Evangelium
563 1417 610 1453 de
633 1415 816 1462 multipli-

195 1466 341 1502 catione
371 1476 513 1512 panum
544 1464 603 1501 bis
641 1464 681 1500 in
712 1474 813 1504 anno

194 1513 397 1550 recitetur?

170 1563 191 1603 4
212 1561 322 1600 Fides
342 1560 477 1598 turbae.

173 1611 192 1643 5
215 1611 314 1645 Inter
347 1618 482 1645 manus
508 1605 647 1645 Christi
684 1604 812 1644 multi-

195 1656 384 1703 plicantur
402 1666 521 1702 panes
542 1658 578 1691 et
594 1654 733 1708 pisces.

171 1706 192 1739 6
207 1703 411 1740 Duodecim
450 1702 603 1750 cophini
639 1702 685 1738 de
722 1699 810 1738 reli-

195 1751 295 1798 quiis
308 1749 468 1798 Impleti.

172 1814 191 1846 7
217 1797 427 1836 Admiratio
449 1797 585 1836 turbae.

1022 1227 1043 1262 8
1060 1223 1196 1262 Christi
1223 1227 1261 1261 et
1286 1223 1557 1271 discipulorum
1576 1222 1657 1269 ejus

865 1275 931 1311 165
1045 1272 1280 1320 parcimonia
1300 1271 1587 1309 commendatur

1023 1336 1043 1368 9
1061 1319 1266 1365 Explicatio
1305 1318 1510 1365 allegorica
1545 1317 1658 1364 hujus

868 1370 931 1404 165
1046 1367 1231 1404 miraculi.

1003 1429 1043 1452 lo
1071 1414 1274 1460 Explicatio
1311 1412 1466 1452 moralis
1487 1412 1656 1460 ejusdem

1045 1463 1229 1498 miraculi.

866 1512 931 1546 166
1003 1523 1039 1546 11
1063 1509 1158 1552 Quid
1180 1508 1254 1545 sint
1282 1507 1449 1555 quinque
1479 1517 1596 1555 panes
1616 1506 1657 1545 in

867 1560 931 1594 166
1046 1567 1158 1593 sensu
1180 1556 1337 1602 mystico
1352 1556 1369 1591 ἰ)

1004 1618 1042 1641 12
1064 1603 1233 1641 Christus
1254 1603 1349 1650 fugit
1364 1603 1513 1640 turbam
1533 1601 1658 1649 ipsum

866 1655 930 1689 166
1046 1662 1175 1697 regem
1202 1651 1325 1688 facere
1342 1651 1543 1687 volentem.

1002 1702 1042 1735 15
1062 1700 1157 1735 Laus
1183 1699 1348 1735 hnmana
1376 1698 1423 1734 ad
1446 1696 1656 1744 exemplum

865 1749 927 1794 167
1045 1745 1182 1783 Christi
1199 1746 1390 1793 fugienda.

866 1798 929 1841 167
1003 1797 1043 1843 14
1060 1794 1176 1832 Orare
1197 1793 1376 1840 competit
1399 1793 1504 1830 solis.

418 1964 568 2001 CAPUT
590 1963 743 1999 LXVIII.
774 1982 816 1987 —
840 1963 886 1998 De
906 1962 1102 2002 ambitione
1122 1964 1155 1997 et
1175 1960 1395 2006 quibusdam
1415 1960 1501 1995 aliis

576 2012 790 2047 clericorum
808 2013 841 2046 et
860 2011 1114 2054 religliosorum
1133 2009 1347 2052 defectibus.

178 2161 188 2182 1
213 2143 404 2190 Fugienda
423 2140 570 2178 clericis
589 2139 760 2177 ambitio.

175 2208 191 2229 2
208 2192 376 2228 Primum
388 2189 528 2226 malum
544 2188 729 2225 beneficia
742 2198 808 2234 pe-

196 2238 356 2276 tentium
377 2249 385 2274 z
409 2237 579 2273 desectus
590 2235 810 2273 vocationis.

172 2290 192 2323 5
215 2285 426 2323 Maledictio
455 2288 586 2320 contra
611 2283 812 2330 diligentes

195 2336 359 2371 honores
374 2331 536 2378 prolata.

172 2385 194 2426 4
216 2380 425 2418 Secundum
456 2380 598 2416 malum
624 2377 812 2416 beneficia

195 2427 404 2476 petentium
429 2437 438 2463 2
471 2425 619 2463 affectio
646 2425 809 2463 carnalis

192 2475 315 2512 minus
336 2473 469 2519 dignos
489 2474 706 2519 praeferens.

177 2527 195 2559 5
217 2523 383 2559 Tertium
424 2521 564 2558 malum
587 2533 595 2558 :
625 2520 807 2566 indigno-

197 2581 279 2606 rum
298 2567 498 2615 promotio.

174 2621 194 2654 6
212 2619 394 2661 Quartum
414 2616 555 2653 malum
576 2614 807 2653 :beneficio-

198 2676 281 2701 rum
301 2662 510 2711 pluralitas.

863 2143 926 2187 175
1016 2155 1035 2187 7
1057 2139 1235 2184 Quintum
1270 2138 1411 2175 malum
1445 2149 1453 2174 :
1489 2137 1657 2174 defectus

1041 2186 1269 2223 residentiae.

863 2238 926 2282 175
1016 2237 1036 2270 8
1058 2236 1207 2271 Sextum
1229 2232 1368 2269 malum
1387 2243 1396 2267 τ
1417 2232 1560 2269 abusus
1576 2232 1656 2268 sru-

1042 2287 1168 2318 ctuum
1195 2278 1477 2316 beneficiorum.

862 2332 924 2375 175
1019 2344 1040 2377 9
1058 2328 1263 2375 Septimum
1293 2326 1433 2363 malum
1456 2338 1464 2362 ε
1493 2325 1650 2362 clerico-

959 2373 964 2384 '
1037 2387 1118 2413 rum
1136 2374 1347 2419 curiositas,
1363 2374 1469 2421 cujus
1482 2373 1650 2422 pericula

1043 2425 1330 2460 enumerantur.

862 2474 927 2518 176
999 2470 1230 2554 iodGravitas
1251 2468 1419 2505 scandali
1452 2479 1474 2505 a
1504 2466 1654 2505 clericis

1067 2518 1131 2553 ati.

863 2581 925 2613 177
1001 2581 1037 2602 11
1058 2567 1264 2601 Monstrum
1282 2566 1338 2599 est
1359 2562 1517 2599 clericus
1536 2565 1574 2599 et
1593 2573 1652 2599 rea

1043 2612 1198 2659 ligiosus
1221 2611 1391 2647 vitiosus.

864 2677 928 2709 179
1001 2674 1040 2697 12
1056 2658 1293 2698 Conscientia
1313 2658 1557 2707 quadruplex.
1622 2666 1625 2667 ’

1710 506 1769 539 161

1709 602 1767 634 161

1708 696 1770 729 162

1709 837 1772 870 165

1711 931 1773 966 165

1711 1272 1774 1306 16⁸

1711 1366 1774 1401 168

1710 1473 1773 1505 ι7ο

1712 1568 1775 1600 170

1711 1663 1770 1695 171

1710 1756 1773 1790 172

1712 1804 1773 1837 ¹72

1711 2188 1774 2221 180

1705 2281 1764 2316 181

1708 2422 1772 2457 182

1708 2517 1771 2550 183

1707 2611 1773 2652 184

1708 2658 1773 2699 184
