1894 3186
70 211 130 246 342
568 210 715 246 PRIMAE
752 209 907 246 PARTIS
944 208 1081 244 CAPUT
1117 207 1213 243 XGlI

70 284 241 321 nostram
260 280 392 318 afflatu
411 279 469 318 sui
491 279 650 328 Spiritus
667 281 847 326 illustrat,

69 334 183 376 atque
215 329 263 366 ad
296 328 550 375 cognitionem
586 339 653 365 nos
684 329 848 376 propriae

67 376 301 415 infirmitatis
313 376 552 422 studiumque
566 377 676 414 honae
689 377 848 413 actionis

67 424 252 462 accendit.
275 425 537 471 Apprehendit
559 435 714 462 manum
743 424 846 469 caeci,

66 476 109 510 ut
140 483 227 509 eum
253 473 301 508 ad
328 472 606 509 exsecutionem
627 474 736 509 bonae
757 478 846 518 ope·-

64 519 224 557 rationis
241 519 440 557 confortet.
468 520 603 556 Educit
620 520 724 555 iilum
742 523 847 555 extra

64 567 201 612 vicum,
234 571 275 605 ut
292 578 314 604 a
336 568 411 604 vita
440 568 584 613 vulgari
608 571 844 613 segregatus,

62 614 294 653 voluntatem
321 615 378 652 sui
405 615 635 659 Conditoris,
656 625 730 660 quo
758 614 845 650 illu-

64 663 200 700 minari
216 666 396 708 meretur,
410 663 566 700 liberius
585 662 715 698 sedulo
731 661 845 698 corde

62 714 262 748 scrutetur.
277 711 454 759 Quisquis
471 710 571 746 enim
591 710 719 746 lumen
739 712 846 745 aeter-

62 757 192 794 nitatis
210 758 338 796 videre
357 759 559 801 desiderat,
576 767 652 794 non
673 757 846 802 exempla

62 806 273 850 turbarum,
295 804 361 842 sed
392 806 570 841 ducatum
600 814 756 842 necesse
788 807 846 840 est

62 862 212 899 semper
251 853 307 889 sui
350 852 615 899 Redemptoris
650 854 842 898 sequatur.

63 900 151 936 ideo
172 904 298 937 autem
319 910 462 937 caecum
480 900 579 936 hunc
599 899 847 946 paulatim,et

62 957 140 983 non
152 950 306 994 repente
321 951 441 993 curat,
452 957 563 994 quem
579 957 664 984 mox
680 957 754 983 uno
766 957 846 983 ver-

60 995 123 1039 h0,
139 994 169 1031 si
186 996 309 1040 vellet,
326 995 521 1031 confestim
534 998 682 1041 poterat
696 1005 843 1040 curare,

61 1044 102 1078 ut
128 1042 431 1089 magnitudinem
459 1043 635 1079 humanae
665 1042 844 1078 caecitatis

60 1090 299 1135 ostenderet;
317 1101 402 1138 quae
417 1090 524 1138 quasi
543 1090 788 1137 pedetentim,
807 1093 845 1126 et

61 1147 130 1183 per
147 1138 332 1184 quosdam
358 1140 592 1186 perfectuum
620 1138 774 1184 gradus,
795 1137 843 1174 ad

60 1185 182 1222 lucem
213 1186 350 1222 divinae
382 1185 538 1222 visionis
573 1186 669 1222 solet
706 1195 843 1232 perve-

61 1232 156 1270 nire.
180 1234 338 1280 Sputum
358 1234 496 1280 quippe
518 1234 565 1270 ab
584 1233 686 1270 intus
712 1233 759 1269 de
780 1243 839 1269 ca-

63 1280 139 1328 pite
178 1280 326 1318 Domini
365 1281 553 1328 procedit;
579 1291 713 1318 manus
751 1289 840 1316 vero

917 282 1005 317 sunt
1033 279 1205 316 membra
1239 277 1422 325 corporis,
1444 277 1606 314 exterius
1629 286 1696 324 po—

919 327 1004 364 sita.
1038 329 1231 373 Exspuens
1256 336 1344 373 ergo
1381 325 1420 362 in
1440 326 1569 363 oculos
1595 325 1698 370 caeci,

920 374 1101 412 Dominus
1132 374 1289 420 imponit
1310 384 1444 413 manus
1471 384 1557 410 suas
1583 376 1624 409 ut
1645 372 1698 408 vi-

916 424 1017 467 deat,
1043 421 1107 469 qui
1127 422 1331 458 caecitatem
1352 422 1503 468 generis
1528 420 1698 465 humani,

916 474 953 507 et
1001 481 1068 517 per
1111 469 1315 506 invisibilia
1356 470 1493 507 divinae
1545 467 1698 515 pietatis

916 519 1029 562 dona,
1066 519 1103 554 et
1139 527 1202 563 per
1241 516 1406 554 exhibita
1445 516 1537 555 sorIS
1571 526 1698 551 sacra-

916 570 1043 602 menta
1064 569 1267 611 assumptae
1289 566 1537 602 humanitatis
1558 563 1701 599 abster-

916 613 976 650 sit.
1001 613 1108 657 Quod
1130 617 1256 650 autem
1283 622 1368 649 eum
1395 614 1435 649 in
1456 614 1609 649 domum
1645 612 1698 646 ire

914 663 1108 709 praecepit,
1148 660 1303 707 mystice
1343 661 1523 697 admonet
1568 668 1701 694 omnes

915 709 977 755 qui
1006 708 1226 754 cognitione
1253 707 1424 744 veritatis
1447 708 1699 749 illustrantur,

915 760 955 793 ut
970 757 1018 793 ad
1037 767 1101 792 cor
1123 766 1233 792 suum
1251 755 1409 791 redeant
1426 766 1434 798 ;
1459 760 1495 791 et
1517 757 1700 799 quantum

915 804 985 841 sibi
1003 804 1183 840 donatum
1203 803 1264 847 sit,
1287 801 1448 839 sollicita
1470 803 1596 837 mente
1616 809 1700 845 per-

913 852 1092 899 pendant,
1112 850 1260 886 donatis
1282 849 1502 896 collatisque
1537 846 1608 884 sibi
1635 847 1699 883 be-

913 899 1072 942 neficiis,
1112 897 1229 944 digna
1269 907 1425 944 operum
1461 894 1699 933 exsecutione

912 946 1180 992 respondeant.
1202 944 1296 989 Quia
1320 955 1408 981 vero
1430 954 1530 988 cum,
1548 942 1644 979 sicut
1665 943 1702 978 et

913 995 1050 1031 multos
1066 993 1160 1030 alios
1175 1003 1269 1040 quos
1285 991 1444 1036 sanavit,
1460 992 1698 1027 sanationem

913 1052 1019 1078 suam
1039 1040 1187 1078 silentio
1206 1041 1466 1087 tegerejubet,
1484 1037 1699 1091 exemplum

913 1089 991 1126 suis
1029 1089 1175 1133 tribuit,
1206 1099 1253 1124 ne
1285 1088 1333 1125 de
1358 1087 1416 1124 his
1444 1097 1526 1133 quae
1561 1086 1704 1122 faciunt

915 1136 1114 1181 mirandis,
1148 1137 1316 1173 favorem
1349 1134 1440 1181 fulgi
1476 1133 1700 1185 requirant3

915 1185 981 1221 sed
999 1184 1137 1221 divinis
1156 1186 1307 1220 tantum
1329 1180 1559 1230 aspectibus,
1581 1181 1644 1217 ubl
1666 1181 1702 1215 et

915 1241 1060 1269 merces
1113 1242 1243 1268 eorum
1283 1233 1414 1276 restat,
1445 1230 1519 1266 sint
1550 1228 1701 1276 placere

909 1278 1100 1316 contenti:
1131 1291 1149 1312 »
1175 1279 1253 1316 haec
1274 1279 1383 1315 Beda.

801 1411 972 1448 ORATIO

113 1526 270 1564 Domine
295 1526 386 1563 Jesu
419 1523 581 1571 Christe,
602 1525 660 1562 fac
689 1535 836 1562 mecum
864 1534 1014 1569 slgnum
1040 1521 1272 1560 infirmitatis
1293 1526 1329 1561 et
1354 1522 1545 1561 Passionis
1566 1526 1641 1560 tuae
1661 1523 1700 1561 in

65 1574 220 1617 bonum,
242 1577 282 1611 ut
302 1573 389 1610 inde
408 1584 476 1621 per
496 1576 532 1610 te
553 1585 611 1610 mc
632 1573 801 1620 adjutum
821 1574 1005 1619 gaudeam
1026 1575 1062 1609 et
1083 1572 1332 1609 consolatum.
1359 1572 1386 1609 Ο
1409 1571 1514 1617 panis
1532 1571 1631 1617 vitae,
1654 1573 1702 1610 da

66 1621 159 1658 mihi
181 1632 330 1669 semper
347 1624 413 1658 tuo
432 1632 561 1658 amore
579 1621 697 1665 refici,
719 1625 758 1657 ut
779 1621 902 1657 minus
927 1620 1106 1657 solliciter
1126 1620 1172 1656 de
1193 1630 1291 1666 pane
1308 1619 1365 1657 vel
1387 1629 1621 1666 quocumque
1645 1631 1702 1657 so-

65 1668 156 1705 latio
184 1668 396 1717 temporali.
421 1670 474 1705 Da
496 1668 601 1714 mihi,
623 1672 663 1705 ut
683 1680 705 1705 a
725 1669 912 1705 fermento
937 1679 1125 1715 perversae
1157 1666 1351 1713 doctrinae,
1374 1677 1416 1704 ac
1438 1666 1620 1704 simulatae
1640 1670 1700 1714 ju-

66 1716 192 1762 stitiae,
215 1727 252 1753 et
273 1716 434 1754 actionis
451 1727 577 1764 pravae
599 1727 779 1761 caveam3
802 1720 837 1753 ct
861 1718 898 1753 in
919 1717 978 1753 his
1005 1728 1074 1753 nec
1095 1717 1215 1753 active
1245 1726 1313 1753 nec
1341 1714 1486 1762 passive
1513 1719 1549 1752 te
1575 1716 1698 1752 offen-

65 1764 167 1801 dam.
193 1764 221 1801 0
252 1764 431 1812 splendor
462 1767 631 1812 paternae
666 1763 811 1812 gloriae,
832 1764 1005 1801 illumina
1041 1775 1105 1801 cor
1141 1774 1268 1801 meum
1302 1764 1442 1800 lumine
1468 1766 1541 1800 tuae
1568 1763 1699 1810 gratiae

63 1810 216 1857 divinae,
239 1822 375 1859 meque
395 1812 442 1849 de
463 1812 636 1849 omnibus
657 1812 849 1849 erroribus
870 1817 907 1848 et
926 1812 1070 1861 laqueis
1092 1823 1195 1858 erue,
1215 1822 1258 1849 ac
1280 1810 1401 1860 dirige
1422 1811 1460 1848 in
1478 1812 1577 1849 viam
1597 1812 1698 1849 veri-

64 1860 154 1897 tatis
172 1861 209 1897 et
221 1859 394 1908 justitiae,
409 1870 453 1898 ac
472 1859 604 1898 salutis
623 1863 790 1899 aeternae.
813 1861 944 1898 Amen.

512 2327 608 2351 FINIT
636 2326 743 2350 PRIMA
774 2327 862 2350 PARS
886 2327 976 2350 VITAE
999 2327 1079 2350 JESI’
1104 2326 1253 2350 CHRISTI.
