1894 3186
366 196 418 228 DE
454 193 505 227 EO
540 191 651 231 QUOD
690 191 888 225 DOMINUS
927 191 1069 226 SUPRA
1107 190 1225 224 ΜΗἊΕ
1264 190 1546 224 Alliztsshtvlr.
1728 191 1784 226 185

152 268 234 302 cato
262 263 385 311 quiete
407 265 546 298 manet.
568 260 640 297 Sed
666 259 756 296 nihil
778 264 834 296 est
853 271 925 306 quo

151 316 299 350 tantuin
320 312 543 357 provocetur
576 307 742 343 vindicta
764 308 924 353 Judiris,

152 360 248 396 sicut
268 369 352 395 cnm
374 355 575 393 securitate
600 365 770 401 peccare,
792 359 828 391 ct
848 366 923 391 non

153 407 333 444 desistere
355 416 377 440 a
401 402 579 450 peccatis.
615 402 714 438 Talis
749 406 805 438 est
834 414 923 438 con-

151 453 309 491 scientia
334 451 598 497 quorumdam,
615 451 678 496 qui
698 461 781 485 cuin
797 453 926 485 errant

151 504 188 539 et
208 499 460 545 malefaciunt,
480 499 533 535 ita
561 497 797 545 quodssetiam
824 497 925 534 Scri-

999 263 1110 307 ptura
1141 259 1199 295 vel
1231 258 1379 306 ratione
1407 259 1579 295 convinci
1610 263 1785 306 possunt,

1000 306 1209 354 postposito
1250 306 1314 342 Dei
1356 306 1508 351 timore,
1535 307 1665 343 dicunt
1687 308 1787 354 quod

1002 366 1079 391 nou
1125 353 1266 389 faciunt
1300 352 1370 389 sibi
1407 354 1689 399 conscientiam,
1712 366 1785 401 pu-
1808 363 1818 376 ³

1003 405 1128 438 lantes
1156 401 1256 446 quod
1291 402 1402 444 Deus,
1425 401 1692 447 lnjutlicandt),
1719 414 1786 438 eo-

1001 460 1086 485 rum
1109 452 1290 494 sequatur
1321 448 1537 493 opinionem
1575 449 1785 495 phantasti-

1002 507 1100 539 cam,
1123 499 1160 532 ct
1181 495 1588 542 relinqtiatjustitiaiii.

879 619 1049 657 ORATIO

195 729 354 767 Domine
372 731 461 766 Jesu
488 728 649 771 Christe,
671 728 733 774 qui
762 726 933 773 superbis
959 726 1120 771 resistis,
1142 730 1180 762 et
1199 725 1407 762 humilibus
1429 725 1781 778 das-gratiamkda

148 777 290 815 cunctis
310 780 449 813 statum
468 775 662 822 dignitatis
677 779 713 811 et
734 775 928 820 regiminis
949 785 1016 820 pro
1035 776 1133 810 bono
1156 773 1383 810 obedientias
1410 773 1606 809 humiliter
1635 776 1670 808 ct
1695 784 1778 809 sme

149 824 353 862 ambitione
373 823 680 869 suscipientibus,
699 826 736 858 et
756 822 808 858 sic
830 822 867 858 in
889 834 932 858 eo
950 821 1293 867 perseverantibus,
1313 820 1478 866 gratiam
1513 820 1551 855 in
1585 820 1782 866 prsesenti,

148 876 185 910 et
204 871 362 918 gloriam
383 871 421 906 in
444 871 590 915 suturo;
620 874 656 906 et
680 870 855 906 resIstere
876 869 1100 913 ambitiosis,
1123 869 1302 915 sepiendo
1326 868 1403 904 vias
1418 878 1551 904 eorum
1581 867 1714 914 spinis,
1737 878 1783 903 ne

146 922 418 967 prosperentur
441 918 479 954 in
499 918 566 962 eis,
589 918 640 953 ita
660 920 699 953 ut
721 928 840 963 neque
864 927 1024 960 praeesse
1046 916 1261 952 hominibus
1279 916 1530 958 delectentur,
1552 926 1675 961 neque
1713 916 1782 950 ho-

148 967 251 1003 noris
273 966 327 1001 sui
346 965 608 1010 singularitate
630 965 819 1003 laetentur.
840 964 968 1010 sicque
989 964 1144 999 taudem
1164 963 1382 1007 illuminati,
1408 966 1444 998 et
1465 962 1513 998 ad
1536 973 1602 998 cor
1625 961 1786 1005 reversi,

149 1025 171 1051 a
190 1013 365 1060 pestifero
389 1013 476 1048 vitio
494 1012 712 1049 ambitionis
730 1011 927 1054 desistant,
941 1014 977 1047 et
998 1012 1092 1047 tales
1111 1021 1194 1046 esse
1213 1010 1402 1055 desinant,
1420 1013 1474 1054 ut,
1496 1013 1533 1046 te
1561 1009 1786 1052 miserante,

150 1061 191 1098 in
209 1064 394 1098 aeternum
408 1071 485 1097 non
502 1062 672 1107 pereant.
692 1061 826 1096 Amen.

773 1269 956 1316 CAPUT
991 1270 1131 1315 LXIX

174 1396 223 1425 DE
253 1395 303 1425 ΕΟ
333 1395 437 1429 QUOD
467 1394 644 1424 DOMINUS
666 1393 790 1422 SUPRA
819 1393 927 1421 MARE
952 1393 1201 1429 AMBULAVIT,
1228 1393 1279 1421 ET
1300 1380 1481 1434 tPETRUM,
1521 1393 1570 1422 NE
1601 1393 1760 1422 MERGE-

791 1459 935 1495 RETUR,
960 1458 1125 1486 EREXIT.

460 1559 625 1596 Matthaei
647 1569 729 1606 cap.
758 1560 852 1606 XIV,
881 1557 1010 1603 Marci,
1035 1568 1118 1605 cap.
1141 1559 1187 1595 VI
1215 1562 1252 1595 et
1276 1560 1385 1596 Joan.
1416 1560 1475 1596 VI.

203 1697 215 1719 1
241 1682 380 1717 DIVISIO
401 1692 524 1716 NOCTIS
540 1692 577 1716 m
597 1691 762 1720 ouATuon
786 1690 932 1715 PARTES.

159 1749 203 1755 --
250 1728 405 1764 Interim
446 1731 573 1764 autem
617 1728 717 1773 quod
752 1727 937 1763 Dominus

156 1775 280 1812 oravit
314 1775 353 1810 in
390 1778 517 1811 monte
542 1775 659 1818 solus,
687 1776 875 1817 navicula,
895 1772 935 1808 in

154 1833 229 1870 qua
250 1824 359 1858 erant
392 1821 580 1868 discipuli,
608 1823 647 1857 in
676 1822 794 1856 medio
821 1822 935 1856 maris

148 1870 366 1915 jactabatur
388 1870 571 1914 fluctibus,
591 1871 627 1904 et
647 1868 870 1904 laborabant
896 1867 934 1903 iu

151 1916 390 1962 remigando,
413 1918 501 1961 quia
521 1919 647 1951 ventus
670 1919 750 1951 erat
764 1919 815 1951 eis
835 1917 933 1951 coni<

151 1966 303 2000 trarius.
326 1965 376 1998 Ex
403 1974 476 2008 quo
497 1963 650 1999 adverte
673 1973 785 2008 quam
804 1962 934 1998 formi-

152 2011 280 2047 danda
318 2010 366 2046 sit
403 2009 540 2046 Christi
571 2010 755 2054 absentia,
779 2009 934 2056 quiailli

153 2057 215 2104 qui
237 2056 374 2094 Christi
400 2057 579 2093 societate
607 2060 737 2093 carent
758 2057 935 2093 tentatio-

150 2104 261 2141 nibus
282 2108 530 2151 exponuntur.
550 2104 729 2150 Conspice
749 2104 865 2150 igitur
881 2103 934 2140 di-

152 2152 327 2198 scipulos,
356 2154 393 2187 et
414 2151 506 2198 ipsis
535 2155 763 2198 compatere,
789 2152 877 2197 quia
896 2151 934 2187 in

151 2209 289 2245 magna
311 2202 396 2235 sunt
423 2199 597 2245 angustia
619 2202 654 2234 ct
675 2198 932 2235 tribulatione.

151 2247 369 2293 Tempestas
389 2246 492 2282 enim
516 2257 580 2283 eos
605 2246 753 2291 invasit,
777 2250 812 2282 et
835 2250 934 2282 tem·

152 2303 223 2340 pus
248 2297 475 2330 nocturnum
503 2297 574 2339 est,
595 2297 632 2330 et
652 2294 797 2340 absque
817 2293 937 2330 Domi-

150 2350 202 2376 no
224 2351 290 2376 suo
327 2344 425 2376 sunt.
465 2341 560 2377 Cum
597 2345 722 2377 autem
744 2352 767 2377 a
790 2352 874 2377 sero
900 2344 937 2377 et

152 2386 345 2433 deinceps,
379 2388 487 2433 quasi
526 2399 594 2434 per
633 2391 750 2424 totam
787 2391 935 2424 noctem

153 2433 208 2470 sie
235 2434 486 2480 laborassent,
514 2436 642 2471 videns
664 2447 720 2471 eos
746 2438 934 2479 Dominus,

156 2480 273 2517 oculis
298 2482 582 2528 misericordiae,
599 2485 638 2518 in
658 2485 756 2518 mari
770 2484 938 2518 laboran-

154 2530 221 2570 tes,
244 2532 379 2574 quarta
414 2531 548 2574 viqz‘lz'a
570 2532 700 2575 noctis,
729 2531 775 2566 de
809 2533 937 2566 monte

155 2575 364 2617 descendit,
392 2578 424 2612 el
453 2579 552 2613 venit
587 2578 636 2613 ad
661 2588 718 2613 eos
742 2578 936 2612 ambulans

154 2632 269 2668 supra
302 2634 415 2667 mare,
444 2623 573 2671 eisque
603 2624 934 2671 appropinquavit.

156 2668 342 2706 Dividitur
362 2674 487 2707 autem
510 2682 582 2707 nox
605 2671 644 2708 in
674 2675 837 2718 quatuor
854 2682 937 2718 par-

155 2718 228 2769 tes,
250 2718 456 2754 secundum
478 2722 641 2764 quatuor
659 2718 847 2762 excubias,
870 2729 937 2755 seu

154 2763 303 2808 vlgilias
324 2775 416 2810 quas
436 2766 579 2802 faciunt
603 2765 643 2802 in
670 2765 802 2802 castris
822 2776 935 2801 excu-

157 2808 307 2857 bantes,
329 2814 366 2848 et
382 2822 451 2859 per
469 2813 568 2851 vices
583 2816 745 2861 quatuor
763 2812 834 2851 sibi
854 2823 936 2850 suc-

1003 1680 1181 1716 cedentes
1204 1691 1212 1716 :
1235 1680 1358 1728 prima
1376 1680 1513 1717 dicitur
1529 1680 1789 1728 conticinium,

1003 1727 1093 1773 quia
1126 1732 1217 1764 tunc
1253 1739 1384 1764 omnes
1411 1727 1634 1764 dormiendo
1668 1731 1788 1766 couti-

1003 1778 1089 1810 cent
1101 1778 1138 1811 et
1150 1779 1273 1811 tacent
1288 1787 1296 1819 3
1311 1776 1488 1815 secunda,
1504 1774 1788 1823 intempestum,

1005 1821 1093 1867 quia
1112 1822 1279 1866 nondum
1300 1826 1353 1858 est
1379 1826 1527 1868 teinpus
1554 1823 1603 1857 ad
1630 1834 1788 1869 surgen-

1004 1869 1095 1905 dum
1121 1869 1178 1905 vel
1206 1870 1466 1916 operandum3
1491 1870 1614 1915 tertia,
1648 1871 1792 1916 gallici-

1003 1916 1122 1962 nium,
1147 1917 1237 1962 quia
1270 1922 1361 1953 tunc
1399 1916 1581 1953 excitatur
1602 1919 1721 1963 gallus
1742 1919 1790 1955 ad

1003 1965 1262 2007 cantandum;
1310 1968 1469 2010 quarta,
1507 1965 1787 2010 antelucanum,

1002 2010 1091 2056 quia
1110 2011 1328 2047 immediate
1352 2015 1438 2047 ante
1461 2011 1556 2047 lucis
1582 2013 1787 2058 apparitio-

1000 2069 1101 2094 nem.
1131 2059 1237 2094 Unde
1265 2058 1442 2104 quaelibet
1465 2059 1592 2104 vigilia
1615 2063 1691 2096 tres
1717 2061 1787 2096 ho-

1001 2116 1063 2141 ras
1097 2106 1224 2149 habet,
1255 2105 1358 2152 quia,
1386 2109 1426 2141 ut
1449 2106 1500 2141 ait
1526 2109 1786 2153 Hieronymus,

1003 2151 1186 2188 stationes
1205 2155 1243 2188 et
1263 2152 1399 2198 vigiliae
1422 2152 1605 2189 militares
1628 2153 1667 2189 in
1686 2155 1787 2191 trina

1002 2200 1182 2235 horarum
1204 2199 1325 2245 spatia
1346 2199 1576 2236 dividuntur.

1058 2261 1075 2282 2
1097 2247 1171 2283 Cun
1191 2248 1356 2283 Dominis
1368 2259 1572 2283 DISCIPULOS
1588 2259 1786 2285 remeun-

1006 2305 1042 2329 Μ
1073 2306 1282 2329 rssnmsssmr
1300 2295 1317 2330 ἵ
1346 2315 1391 2321 -
1419 2296 1526 2330 Patet
1565 2306 1653 2340 ergo
1687 2296 1787 2341 quod

1008 2341 1113 2387 quasi
1145 2352 1212 2388 per
1242 2344 1360 2378 totam
1399 2345 1549 2378 noctam
1588 2342 1787 2389 per1clitati

1007 2389 1173 2433 fuerunt,
1197 2388 1287 2434 quia
1319 2399 1416 2435 pene
1432 2389 1511 2435 jam
1535 2394 1646 2426 nocte
1664 2390 1786 2431 finita,

1005 2436 1187 2471 Dominus
1212 2437 1259 2472 ad
1281 2447 1345 2472 eos
1370 2436 1492 2481 venit;
1522 2440 1558 2472 et
1583 2448 1658 2472 non
1686 2448 1785 2481 mox,

1001 2483 1067 2519 sed
1088 2483 1240 2519 demum
1262 2486 1388 2520 tamen
1410 2483 1464 2519 eis
1483 2484 1681 2529 succurrit,
1699 2484 1785 2530 quia

1002 2530 1071 2566 etsi
1093 2531 1140 2566 ad
1160 2531 1292 2566 horam
1314 2530 1466 2566 differre
1487 2531 1636 2567 videtur
1653 2531 1784 2567 auxili-

1001 2589 1064 2614 um
1078 2577 1280 2623 tribulatis,
1292 2578 1444 2614 tandem
1460 2577 1706 2614 nihilominus
1722 2588 1784 2613 eos

1002 2625 1188 2661 consolari
1216 2628 1251 2661 et
1270 2626 1517 2661 corroborare
1530 2636 1605 2660 non
1630 2624 1780 2660 desinit.

1002 2673 1106 2708 Unde
1129 2674 1377 2718 Theophilus:
1416 2686 1434 2705 «
1456 2671 1630 2708 Permisit
1657 2676 1783 2707 autem

1003 2719 1182 2756 Dominus
1199 2719 1403 2765 periclitari
1415 2730 1502 2755 suos
1517 2718 1783 2764 discipulos‚ut

1002 2767 1139 2803 fierent
1173 2767 1381 2813 patientes3
1426 2766 1525 2803 unde
1558 2776 1635 2801 non
1655 2765 1780 2801 statim

1002 2814 1056 2851 eis
1095 2814 1228 2861 astitit,
1273 2815 1340 2851 sed
1377 2824 1445 2860 per
1478 2815 1598 2850 totam
1629 2815 1782 2849 noctem
