1894 3186
127 207 183 240 100
632 203 779 237 PRIMAE
814 202 971 235 PARTIS
1010 200 1143 234 CAPUT
1181 201 1258 234 LIX

857 324 1024 361 ORATIO

175 431 333 468 Domine
353 433 443 468 Jesn
462 431 624 475 Christe,
652 430 700 466 da
726 429 816 465 mihi
838 440 904 475 per
925 431 1091 464 sanctam
1111 428 1379 474 discipulorum
1400 432 1549 465 tuorum
1569 428 1755 474 praedica-

131 478 289 523 tionem,
318 478 372 515 sic
396 479 517 525 gratia
540 482 601 514 tua
629 476 788 513 edoceri.
827 477 926 520 quod
956 487 1028 511 non
1060 475 1097 511 in
1125 476 1350 512 vanitatibus
1379 477 1435 512 vel
1462 475 1760 521 quibuscumque

132 527 380 563 elevationum
405 531 440 562 et
473 525 726 562 extollentiam
756 524 846 559 mihi
869 523 1151 567 ingerentibus3
1175 524 1238 558 sed
1260 523 1296 558 in
1322 529 1385 559 tua
1411 534 1519 559 cruce
1542 527 1577 558 et
1599 522 1759 568 singulis

131 574 382 609 humilitatem
412 573 447 608 in
483 583 540 608 me
568 571 769 607 excitantib
806 581 822 606 s
852 570 939 605 initii
977 571 1087 605 libeat
1117 570 1282 614 gloriari.
1318 572 1400 615 Ipsa
1421 574 1551 605 sancta
1586 570 1757 605 doctrina

131 620 358 665 Evangelica
380 621 414 655 in
438 620 623 665 profunda
657 618 884 660 bumilitate,
906 622 942 653 et
964 616 1000 652 in
1025 617 1199 652 omnibus
1219 616 1418 653 virtutibus
1439 628 1503 652 cor
1523 627 1646 652 meum
1667 627 1754 652 con-

133 668 260 703 firmet
282 678 432 713 semper
449 674 488 702 et
507 667 751 701 corroboret:
775 668 816 699 ut
840 675 860 699 a
881 664 979 699 vitiis
1002 669 1178 708 purgatus
1204 668 1241 699 et
1264 664 1462 699 virtutibus
1488 668 1652 706 ornatus,
1679 674 1755 699 me-

133 725 233 758 rear,
253 714 290 749 in
317 713 493 760 prtrsenti
516 712 592 748 vita
625 716 661 747 et
682 712 716 747 in
737 712 863 746 sutura
887 710 1001 756 requi
1020 721 1054 745 m
1076 710 1210 746 animae
1240 710 1420 755 invenire,
1443 710 1529 756 quia
1549 710 1755 756 inquietum

134 767 193 798 est
218 772 284 797 cor
308 772 451 806 meum,
474 761 593 796 donec
613 759 823 805 requiescat
844 758 883 793 in
904 763 954 802 te,
975 760 1065 794 ,lesu
1084 759 1191 794 bone.
1214 760 1346 794 Amen.

898 970 990 1014 LlX

392 1111 442 1138 DE
465 1111 614 1139 HOMINE
644 1109 837 1137 SAUCIATO
863 1108 912 1135 ET
942 1107 1174 1136 VULNERATO
1195 1108 1221 1136 A
1240 1108 1503 1137 LATRONIBUS.

827 1198 933 1232 Lucae
951 1207 1031 1243 cap.
1047 1197 1089 1231 X.

989 1335 1059 1360 non
1084 1324 1293 1358 audierunt.
1323 1323 1637 1361 Desideraverunt
1661 1326 1759 1362 enim

189 1347 201 1368 1
246 1333 558 1375 QUADRUPLtCtTER
618 1339 738 1362 VIDERI
785 1338 914 1361 POTEST

989 1372 1114 1406 vidore
1137 1375 1172 1406 et
1192 1371 1321 1406 audire
1349 1382 1392 1406 eo
1422 1373 1530 1407 modo
1556 1383 1627 1417 quo
1652 1373 1760 1409 disci-

139 1380 333 1423 CHRISTUS,
357 1391 398 1413 ET
426 1389 495 1417 Quo
531 1386 640 1410 SENSU
668 1385 800 1409 BEATos
825 1385 915 1408 DlCtT

140 1438 240 1462 ILLos
261 1438 320 1466 QUI
353 1437 454 1460 irsnu
476 1434 663 1458 vanuNT.
693 1442 727 1446 —
760 1423 803 1455 Et
829 1431 848 1464 q
881 1420 916 1455 ia

140 1474 285 1509 dixerat
326 1472 507 1507 Dominus
539 1472 646 1505 Jesus
672 1468 849 1513 mysteria
877 1468 916 1501 fi-

141 1520 199 1556 dei
220 1525 253 1555 et
283 1529 424 1554 arcana
464 1515 657 1562 sapit-ntiae
697 1514 914 1550 absconditi

139 1566 312 1612 superbis
337 1570 373 1601 et
394 1565 559 1600 revelata
581 1562 760 1608 parvulis.
785 1571 915 1596 conse-

139 1624 312 1659 quenter,
343 1612 481 1647 omissa
508 1610 726 1646 Jutta÷orum
754 1618 915 1643 exczeca-

140 1660 256 1703 tione,
286 1658 451 1694 ostendit
484 1657 750 1702 discipulorum
777 1654 915 1690 illumi-

137 1707 344 1748 nationem,
368 1710 406 1741 ut.
433 1704 607 1740 ostendat
637 1714 701 1738 eos
728 1713 808 1737 esse
835 1712 917 1747 par-

140 1754 262 1797 vulos,
310 1753 445 1797 quibus
488 1753 599 1786 Pater
632 1750 815 1785 adventus
858 1748 914 1783 sui

140 1799 321 1846 mysteria
358 1798 548 1834 revelavit.
582 1797 686 1833 Unde
722 1796 812 1831 dicit
853 1806 916 1831 eos

139 1847 286 1890 beatos,
315 1846 402 1891 quia
434 1845 470 1880 in
507 1844 561 1879 cis
593 1844 660 1879 t'uit
689 1843 913 1887 completum

140 1894 241 1939 quod
283 1891 445 1938 antiquis
484 1891 657 1926 Patribus
680 1890 798 1924 fuerat
827 1900 913 1934 pro-

141 1940 312 1975 missum.
333 1942 529 1975 Conversus
551 1948 639 1983 ergo
655 1938 703 1971 ad
717 1939 916 1980 discipulos

139 1997 224 2022 Suos
239 1988 336 2021 dimit
357 2000 363 2022 :
381 1987 484 2021 Beati
498 1987 605 2024 oculi,
623 1984 823 2029 quivident
839 1994 917 2027 ηυδε

139 2045 200 2069 vos
225 2035 357 2068 ridetis·
378 2045 386 2075 ;
412 2037 447 2067 et
473 2042 541 2077 per
567 2032 637 2066 hoc
660 2032 790 2066 beatos
811 2030 913 2073 dicit,

141 2080 229 2126 quia
252 2081 446 2115 Dominum
467 2081 593 2114 Jesnm
616 2082 651 2113 et.
671 2077 916 2122 corporaliter

140 2127 256 2162 oculis
271 2126 533 2167 exterioribus,
553 2130 589 2161 et
605 2125 819 2160 mentaliter
833 2136 915 2159 ocu-

141 2174 185 2209 lis
224 2173 465 2209 interioribus
502 2173 629 2208 x'idere
674 2175 908 2207 meruerunt.

141 2220 318 2256 Videmus
354 2220 453 2255 onim
477 2220 666 2255 Christum
702 2230 768 2264 per
800 2219 912 2253 fidem

142 2267 295 2302 caritate
318 2268 531 2309 scu‘inatani,
553 2266 651 2301 boati
671 2270 755 2301 suut
774 2265 810 2300 in
828 2276 910 2310 spe;

140 2317 176 2349 et
197 2314 224 2348 si
249 2317 503 2358 perseverent,
524 2312 622 2349 beati
657 2316 767 2348 erunt
801 2312 837 2347 iu
858 2323 909 2347 re.

137 2363 225 2396 Dico
246 2363 339 2395 enim
362 2361 462 2394 vobis
482 2361 578 2404 quod
600 2362 708 2394 multe·
727 2361 913 2404 Prophetae

139 2407 321 2453 pollentes
344 2406 378 2441 in
400 2407 638 2451 cogitatione,
658 2411 690 2441 et
710 2417 822 2450 rngeS.
847 2417 910 2441 seu

134 2453 225 2499 Justi
265 2454 445 2499 pollentes
483 2453 521 2488 in
555 2453 750 2488 sanctitate
781 2465 789 2488 :
819 2463 910 2498 quos

141 2500 239 2536 enim
274 2502 389 2535 Luras
430 2511 537 2545 reges
577 2500 679 2543 dicit,
715 2502 910 2535 Matttiaeus

136 2548 257 2593 justos
296 2547 471 2592 appellat,
505 2546 594 2592 quia
630 2547 754 2591 magni
802 2557 909 2581 re.†es

141 2598 239 2636 sunt,
262 2594 323 2639 qni
359 2593 604 2629 tentationum
627 2604 777 2629 suarum
799 2593 907 2628 moti>

140 2641 209 2676 bus
232 2651 301 2675 non
344 2641 612 2675 consentiendo
650 2642 907 2681 succumbere,

142 2688 205 2723 sed
228 2687 392 2727 regendo
425 2697 585 2731 praeesse
621 2691 823 2729 noverunt;
852 2698 908 2721 vo-

142 2735 285 2769 luerunt
304 2735 426 2768 videre
444 2745 522 2778 quae
542 2744 602 2769 vos
623 2735 767 2770 videtis.
787 2738 820 2768 et
838 2745 906 2768 novt

140 2782 320 2822 viderunt,
349 2784 381 2816 et
418 2782 547 2816 audire
583 2792 662 2825 quse
694 2782 845 2821 azcditz's,
875 2784 908 2815 et

990 1419 1065 1464 puli
1090 1418 1263 1453 viderunt
1291 1422 1327 1453 et
1353 1419 1564 1463 audierunt,
1585 1420 1649 1455 sed
1682 1431 1756 1455 non

990 1466 1163 1500 viderunt
1191 1476 1312 1510 neque
1338 1465 1539 1501 audierunt
1567 1478 1610 1501 eo
1637 1467 1759 1510 modo,

991 1513 1076 1557 quia
1122 1523 1194 1547 non
1231 1512 1488 1557 corporaliter,
1530 1513 1613 1548 licet
1652 1514 1761 1560 spiri-

991 1559 1168 1603 tualiter3
1200 1559 1263 1594 sed
1291 1559 1461 1605 discipuli
1494 1564 1652 1605 utroque
1687 1571 1761 1596 mo-

991 1607 1037 1641 (lo
1062 1618 1069 1641 ε
1096 1616 1181 1641 nam
1209 1605 1370 1641 exterius
1402 1606 1574 1641 vid‹·1‘unt
1604 1618 1765 1652 praesen-

990 1654 1080 1688 tiam
1119 1653 1351 1699 rorporalem
1386 1659 1421 1688 et
1459 1653 1652 1697 miracula,
1676 1665 1763 1690 con-

992 1700 1198 1745 spiciendo,
1233 1704 1269 1735 et,
1310 1700 1467 1736 interius
1501 1701 1672 1736 viderunt
1705 1701 1762 1737 (li-

991 1747 1183 1782 vinitatem
1228 1748 1404 1783 latantetn
1427 1775 1436 1791 ,
1488 1747 1758 1793 intelligendo,

992 1794 1155 1829 exterius
1177 1794 1531 1838 audieruntvocem,
1554 1795 1762 1830 doctrinam

992 1840 1247 1886 percipiendo,
1284 1845 1320 1876 et
1358 1841 1513 1876 interius
1548 1842 1762 1885 audieruut,

991 1899 1058 1933 per
1110 1888 1221 1923 tidem
1267 1888 1521 1923 assentiendo.
1568 1889 1765 1933 Propheta¹

994 1935 1175 1980 siquidem
1196 1938 1232 1969 et
1252 1946 1359 1980 roges
1374 1935 1523 1980 alonge
1538 1936 1765 1980 aspicientes

992 1993 1058 2028 per
1099 1982 1239 2026 figuras
1284 1984 1338 2017 vet
1380 1982 1564 2018 visionum
1605 1982 1762 2028 species,

992 2029 1095 2074 qnasi
1120 2040 1186 2074 per
1205 2029 1399 2073 speculum
1428 2034 1463 2065 et
1487 2029 1524 2064 in
1546 2029 1760 2074 aenigmate,

993 2076 1181 2111 Christum
1204 2076 1389 2119 viderunt,
1414 2081 1450 2112 et
1476 2077 1677 2111 audieruut
1697 2087 1764 2121 per

993 2123 1124 2165 tidem3
1155 2123 1219 2158 sed
1244 2123 1413 2168 discipuli
1441 2127 1663 2168 praesentem
1691 2125 1762 2159 Do-

992 2170 1134 2205 minum
1175 2171 1370 2213 habentes,
1406 2174 1442 2205 et
1476 2171 1522 2205 ab
1561 2170 1641 2215 ipso
1681 2181 1763 2215 quse

990 2217 1167 2252 volebant
1206 2216 1499 2261 interrogantes,
1531 2217 1765 2252 docebantur

990 2275 1056 2309 per
1091 2264 1211 2309 ipsum
1239 2267 1382 2308 aperte,
1402 2275 1475 2298 non
1500 2274 1566 2309 per
1586 2264 1763 2310 Angelos,

989 2314 1053 2346 aut
1081 2310 1204 2345 varias
1231 2309 1416 2346 visionum
1440 2310 1596 2356 species,
1618 2312 1655 2345 in
1676 2310 1766 2345 aeni-

988 2360 1126 2403 gmate.
1150 2358 1228 2393 Non
1250 2357 1435 2393 beatificat
1459 2368 1522 2393 eos
1543 2357 1605 2403 qui
1630 2368 1764 2403 corpo-

990 2405 1119 2440 raliter
1140 2408 1176 2439 et
1199 2415 1273 2439 non
1310 2405 1523 2440 mentaliter
1549 2415 1616 2450 per
1650 2404 1762 2439 fidem

988 2462 1073 2487 eum
1094 2451 1280 2495 viderunt,
1299 2456 1338 2486 ut
1353 2451 1473 2487 Juuaei
1492 2451 1553 2497 qui
1576 2450 1760 2486 increduli

988 2501 1260 2538 remanserunt,
1289 2501 1324 2533 et
1364 2509 1475 2543 quem
1518 2497 1764 2542 corporaliter

987 2545 1171 2588 viderunt,
1188 2545 1322 2580 mentis
1339 2546 1454 2581 oeulis
1472 2556 1545 2581 non
1561 2545 1758 2580 viderunt:

986 2592 1113 2628 etitleo
1131 2602 1259 2628 eorum
1274 2592 1371 2627 oculi
1389 2604 1458 2627 non
1475 2592 1586 2635 beati,
1603 2592 1667 2627 sed
1681 2601 1759 2626 ma-

985 2639 1109 2674 ledicti
1143 2638 1288 2674 dicendi
1317 2642 1421 2681 sunt;
1452 2639 1518 2675 sed
1549 2649 1613 2674 eos
1638 2637 1758 2673 beati-

985 2686 1084 2723 ficat.
1104 2685 1167 2731 qui
1190 2696 1286 2725 enm,
1325 2696 1393 2731 per
1414 2686 1540 2727 fidem,
1566 2684 1755 2729 videbant,

984 2744 1059 2768 non
1073 2734 1192 2768 solum
1212 2732 1397 2768 exteriora
1419 2734 1496 2778 ojus
1524 2731 1756 2777 conspicien-

983 2780 1045 2825 do,
1087 2780 1151 2816 sed
1190 2781 1301 2814 etiam
1339 2779 1514 2815 virtutem
1553 2777 1757 2815 divinitatis
