1894 3186
749 469 799 537 Τ
827 468 917 538 ιτ
947 470 1002 540 υ
1032 468 1121 538 1-1

195 652 682 811 ΟΑΡΙΤΠΜ
761 654 890 754 ΕΤ
960 648 1685 755 NUMERORUM

643 874 810 933 PER
859 872 1251 932 ORDINEM

851 1069 1026 1092 -εθνωω-

408 1258 558 1295 CAPUT
579 1258 699 1295 XLIV.
730 1279 774 1284 —
800 1260 850 1295 De
868 1259 1105 1295 suscitatione
1122 1259 1194 1305 filii
1213 1259 1333 1295 viduae
1350 1257 1473 1296 Naim.

173 1417 297 1455 viduae
314 1419 548 1456 suscitantis.
1010 1423 1029 1455 5
1052 1420 1219 1454 Mortuos
1252 1423 1330 1454 tres
1362 1414 1558 1454 suscitavit
1582 1417 1652 1451 Do-

152 1385 164 1407 l
192 1370 455 1409 Misericordia
492 1370 642 1408 Domini
674 1370 795 1409 filium
948 1374 955 1491 Ι
1034 1375 1136 1408 tores
1158 1369 1450 1408 resuscitantur.
1748 1371 1768 1404 5

895 1435 907 1456 l
1033 1466 1175 1509 minus,
1197 1468 1234 1501 et
1255 1465 1344 1512 quid
1358 1476 1427 1512 per
1445 1466 1516 1501 hoc
1536 1462 1650 1510 signi-

153 1480 170 1502 2
193 1467 287 1509 Quid
306 1467 464 1513 mystice
492 1467 707 1513 significent
732 1467 794 1503 de-

174 1514 338 1557 functus,
361 1516 441 1561 ejus
466 1518 598 1561 mater,
632 1514 792 1561 portito-
1034 1513 1201 1549 ficetur?
1753 1513 1775 1554 4

174 1572 236 1597 res
257 1566 295 1598 et
314 1562 489 1599 loculus?
892 1576 910 1598 2
1008 1561 1028 1593 6
1049 1559 1226 1606 Quisquis
1265 1560 1313 1596 sit
1352 1559 1489 1596 animae
1517 1560 1652 1604 status,

146 1612 166 1646 5
191 1609 277 1646 Tria
308 1609 414 1656 signa
443 1609 577 1646 mortis
610 1612 647 1646 et
670 1620 793 1646 resur-
1032 1618 1240 1655 numquam
1263 1607 1542 1655 desperandum
1562 1608 1633 1642 est.
1746 1608 1769 1648 4

172 1656 356 1693 rectionis
380 1656 601 1704 spiritualis.
890 1660 910 1693 5
1009 1673 1027 1705 7
1051 1657 1150 1692 Mors
1186 1656 1323 1693 animae
1355 1666 1435 1703 prae
1474 1652 1650 1691 omnibus

148 1708 171 1749 4
192 1705 324 1742 Modus
345 1704 553 1752 spiritualis
571 1716 645 1752 quo
664 1715 794 1752 pecca·
949 1698 954 1739 Ι
1033 1703 1224 1740 deflenda.
1747 1701 1766 1735 5

151 1855 300 1892 CAPUT
317 1853 422 1891 XLV.
445 1875 490 1880 —
508 1855 558 1890 De
576 1854 707 1891 Scriba
727 1854 910 1900 doloso‚et
931 1852 1071 1889 duobus
1091 1852 1179 1888 aliis
1200 1851 1384 1889 Christum
1403 1851 1508 1896 sequi
1529 1847 1745 1886 volentibus.

157 1985 169 2006 1
195 1970 305 2006 Curae
324 1968 567 2016 praedicatori
592 1968 770 2005 vitandae.
892 1972 914 2005 6
1037 1970 1135 2004 stum
1162 1967 1355 2012 sequatur,
1394 1966 1542 2012 patrem
1575 1962 1653 1998 vult

155 2031 172 2054 2
193 2018 245 2053 De
279 2017 410 2054 Scriba
444 2017 575 2053 doloso
602 2017 650 2053 ad
687 2016 795 2053 Chri-
1037 2013 1217 2061 sepelire3
1241 2016 1278 2049 et
1302 2013 1406 2057 cujus
1431 2012 1479 2048 sit
1501 2011 1649 2063 figura?
1746 2024 1765 2055 7

177 2068 276 2100 stum
300 2065 519 2101 accedente.
893 2067 915 2100 6
1013 2067 1032 2099 5
1055 2064 1106 2098 De
1126 2061 1238 2097 tertio
1259 2059 1470 2096 renuntiari
1506 2058 1565 2094 his
1587 2068 1651 2103 qui

154 2115 174 2148 5
196 2112 264 2155 Qui
292 2112 368 2148 sint
403 2112 492 2149 huic
526 2110 666 2148 Scribae
689 2110 794 2147 simi·
1036 2108 1257 2146 domierant
1271 2107 1425 2151 volenti,
1446 2109 1652 2152 antequam

178 2160 234 2196 les
249 2160 267 2195 ⁶?
1036 2157 1225 2194 Christum
1247 2158 1452 2202 sequatur3
1477 2156 1516 2190 et
1546 2153 1653 2199 cujus

154 2211 177 2251 4
197 2208 249 2244 De
261 2207 471 2255 altero,qui
483 2209 690 2255 antequam
699 2205 799 2244 Chri·
1034 2204 1082 2241 sit
1101 2205 1225 2252 figura
1238 2204 1257 2240 Ῡ
1753 2215 1774 2246 9

179 2355 332 2392 CAPUT
351 2355 473 2392 XLVI.
495 2374 540 2382 -
559 2357 610 2391 De
628 2365 666 2391 eo
687 2354 785 2400 quod
809 2355 985 2392 Dominus
1005 2354 1189 2390 eoecitatus
1203 2351 1401 2399 imperavit
1426 2351 1544 2386 ventis
1564 2351 1598 2385 et
1615 2348 1723 2385 mari.

166 2481 179 2504 1
205 2465 375 2503 Christus
396 2464 550 2508 dormit,
567 2442 656 2502 dum
677 2464 801 2501 ventis
1012 2468 1032 2500 5
1056 2462 1280 2509 Allegorice,
1302 2464 1414 2509 typus
1440 2463 1497 2498 est
1531 2459 1653 2497 crucis

182 2517 218 2550 et
232 2513 410 2549 fluctibus
426 2513 592 2560 quatitur
611 2513 798 2549 navicula.
879 2528 891 2550 1
904 2527 916 2549 1
1039 2510 1260 2548 Dominicae.
1628 2553 1635 2560 ι
1733 2509 1773 2543 15

161 2575 179 2598 2
202 2561 330 2597 Timor
369 2560 641 2608 discipulorum
672 2571 802 2608 repre-
1016 2563 1036 2595 6
1057 2557 1318 2605 Tropologice‚
1333 2560 1444 2604 typus
1459 2558 1516 2593 est
1533 2564 1654 2602 poenl-

182 2608 378 2646 henditur.
881 2620 921 2644 12
1040 2607 1184 2643 tentiae.
1730 2604 1771 2644 14

161 2660 181 2692 5
205 2655 479 2702 Tranquillitas
499 2655 597 2693 mari
614 2667 636 2693 a
656 2655 804 2693 Christo
1023 2670 1042 2702 7
1066 2653 1272 2699 Mor-aliter,
1293 2655 1403 2700 typus
1428 2654 1486 2688 est
1519 2648 1658 2687 animae

188 2704 352 2740 reddita.
883 2716 922 2739 12
1043 2701 1180 2738 fidelis.
1734 2699 1774 2740 14

160 2755 183 2795 4
203 2750 372 2798 Mystice,
401 2749 475 2788 ista
492 2750 666 2789 navicula
695 2754 806 2798 typus
1021 2753 1041 2785 8
1058 2749 1153 2793 Quid
1174 2748 1221 2786 sit
1243 2748 1284 2784 in
1303 2745 1577 2784 tentationibus
1598 2744 1654 2781 sa-

190 2802 250 2836 est
269 2797 460 2836 Ecclesiae.
886 2800 924 2834 15
958 2811 963 2830 ι
1045 2796 1254 2834 ciendum?
1735 2792 1775 2827 15
