<?xml version="1.0" encoding="UTF-8"?>
<!DOCTYPE html PUBLIC "-//W3C//DTD XHTML 1.0 Transitional//EN"
    "http://www.w3.org/TR/xhtml1/DTD/xhtml1-transitional.dtd">
<html xmlns="http://www.w3.org/1999/xhtml" xml:lang="en" lang="en">
 <head>
  <title>
</title>
<meta http-equiv="Content-Type" content="text/html;charset=utf-8" />
  <meta name='ocr-system' content='tesseract 3.04.00' />
  <meta name='ocr-capabilities' content='ocr_page ocr_carea ocr_par ocr_line ocrx_word'/>
</head>
<body>
  <div class='ocr_page' id='page_1' title='image "./vitajesuchristie02ludouoft_0164.png"; bbox 0 0 1894 3186; ppageno 0'>
   <div class='ocr_carea' id='block_1_1' title="bbox 189 183 1310 220">
    <p class='ocr_par' dir='ltr' id='par_1_1' title="bbox 189 183 1310 220">
     <span class='ocr_line' id='line_1_1' title="bbox 189 183 1310 220; baseline -0.002 -3"><span class='ocrx_word' id='word_1_1' title='bbox 189 184 244 220; x_wconf 85' lang='lat'>156</span> <span class='ocrx_word' id='word_1_2' title='bbox 675 185 824 218; x_wconf 78' lang='lat' dir='ltr'><strong>PRIMAE</strong></span> <span class='ocrx_word' id='word_1_3' title='bbox 861 184 1012 218; x_wconf 74' lang='lat' dir='ltr'>PARTIS</span> <span class='ocrx_word' id='word_1_4' title='bbox 1054 183 1185 216; x_wconf 81' lang='lat' dir='ltr'>CAPUT</span> <span class='ocrx_word' id='word_1_5' title='bbox 1223 184 1310 217; x_wconf 72' lang='lat' dir='ltr'>va</span> 
     </span>
    </p>
   </div>
   <div class='ocr_carea' id='block_1_2' title="bbox 195 254 968 345">
    <p class='ocr_par' dir='ltr' id='par_1_2' title="bbox 195 254 968 345">
     <span class='ocr_line' id='line_1_2' title="bbox 195 254 968 298; baseline 0 -9"><span class='ocrx_word' id='word_1_6' title='bbox 195 255 317 290; x_wconf 83' lang='lat' dir='ltr'>multae</span> <span class='ocrx_word' id='word_1_7' title='bbox 351 254 470 290; x_wconf 83' lang='lat' dir='ltr'>viduae</span> <span class='ocrx_word' id='word_1_8' title='bbox 501 254 594 290; x_wconf 85' lang='lat' dir='ltr'>tales</span> <span class='ocrx_word' id='word_1_9' title='bbox 627 259 713 290; x_wconf 90' lang='lat' dir='ltr'>sunt</span> <span class='ocrx_word' id='word_1_10' title='bbox 749 255 786 290; x_wconf 89' lang='lat' dir='ltr'>in</span> <span class='ocrx_word' id='word_1_11' title='bbox 816 254 968 298; x_wconf 88' lang='lat' dir='ltr'>mundo,</span> 
     </span>
     <span class='ocr_line' id='line_1_3' title="bbox 197 301 968 345; baseline -0.001 -9"><span class='ocrx_word' id='word_1_12' title='bbox 197 305 324 336; x_wconf 85' lang='lat' dir='ltr'>tamen</span> <span class='ocrx_word' id='word_1_13' title='bbox 352 301 399 337; x_wconf 90' lang='lat' dir='ltr'>ad</span> <span class='ocrx_word' id='word_1_14' title='bbox 421 301 561 337; x_wconf 90' lang='lat' dir='ltr'>nullam</span> <span class='ocrx_word' id='word_1_15' title='bbox 588 302 750 337; x_wconf 78' lang='lat' dir='ltr'>mittitur</span> <span class='ocrx_word' id='word_1_16' title='bbox 770 302 879 345; x_wconf 88' lang='lat' dir='ltr'>Elias,</span> <span class='ocrx_word' id='word_1_17' title='bbox 897 301 968 337; x_wconf 89' lang='lat' dir='ltr'>nisi</span> 
     </span>
    </p>
   </div>
   <div class='ocr_carea' id='block_1_3' title="bbox 199 348 977 393">
    <p class='ocr_par' dir='ltr' id='par_1_3' title="bbox 199 348 977 393">
     <span class='ocr_line' id='line_1_4' title="bbox 199 348 977 393; baseline -0.001 -9"><span class='ocrx_word' id='word_1_18' title='bbox 199 348 245 384; x_wconf 88' lang='lat' dir='ltr'>ad</span> <span class='ocrx_word' id='word_1_19' title='bbox 264 348 377 391; x_wconf 86' lang='lat' dir='ltr'>illam,</span> <span class='ocrx_word' id='word_1_20' title='bbox 394 358 476 393; x_wconf 86' lang='lat' dir='ltr'>quae</span> <span class='ocrx_word' id='word_1_21' title='bbox 494 351 551 384; x_wconf 90' lang='lat' dir='ltr'>est</span> <span class='ocrx_word' id='word_1_22' title='bbox 569 350 604 384; x_wconf 90' lang='lat' dir='ltr'>in</span> <span class='ocrx_word' id='word_1_23' title='bbox 625 349 779 393; x_wconf 79' lang='lat' dir='ltr'><strong>Sarepta</strong></span> <span class='ocrx_word' id='word_1_24' title='bbox 792 348 977 384; x_wconf 64' lang='lat' dir='ltr'>Sidoniaex</span> 
     </span>
    </p>
   </div>
   <div class='ocr_carea' id='block_1_4' title="bbox 190 395 992 2829">
    <p class='ocr_par' dir='ltr' id='par_1_4' title="bbox 190 395 972 1798">
     <span class='ocr_line' id='line_1_5' title="bbox 202 395 968 441; baseline -0.003 -10"><span class='ocrx_word' id='word_1_25' title='bbox 202 395 355 441; x_wconf 76' lang='lat' dir='ltr'>Sarepta</span> <span class='ocrx_word' id='word_1_26' title='bbox 381 395 649 441; x_wconf 80' lang='lat' dir='ltr'>interpretatur</span> <span class='ocrx_word' id='word_1_27' title='bbox 674 396 892 435; x_wconf 80' lang='lat' dir='ltr'>incendium,</span> <span class='ocrx_word' id='word_1_28' title='bbox 913 395 968 429; x_wconf 83' lang='lat' dir='ltr'>vel</span> 
     </span>
     <span class='ocr_line' id='line_1_6' title="bbox 200 442 968 489; baseline 0 -13"><span class='ocrx_word' id='word_1_29' title='bbox 200 444 372 486; x_wconf 66' lang='lat' dir='ltr'>angustia</span> <span class='ocrx_word' id='word_1_30' title='bbox 388 444 519 489; x_wconf 79' lang='lat' dir='ltr'>panis‚·</span> <span class='ocrx_word' id='word_1_31' title='bbox 540 442 701 484; x_wconf 86' lang='lat' dir='ltr'>Sidonia,</span> <span class='ocrx_word' id='word_1_32' title='bbox 723 444 863 477; x_wconf 82' lang='lat' dir='ltr'>venatio</span> <span class='ocrx_word' id='word_1_33' title='bbox 884 444 968 476; x_wconf 80' lang='lat' dir='ltr'>inu-</span> 
     </span>
     <span class='ocr_line' id='line_1_7' title="bbox 202 488 968 536; baseline 0 -13"><span class='ocrx_word' id='word_1_34' title='bbox 202 490 302 533; x_wconf 81' lang='lat' dir='ltr'>tilis,</span> <span class='ocrx_word' id='word_1_35' title='bbox 328 494 364 525; x_wconf 88' lang='lat' dir='ltr'>et</span> <span class='ocrx_word' id='word_1_36' title='bbox 387 489 574 536; x_wconf 86' lang='lat' dir='ltr'>significat</span> <span class='ocrx_word' id='word_1_37' title='bbox 601 490 763 525; x_wconf 90' lang='lat' dir='ltr'>animam</span> <span class='ocrx_word' id='word_1_38' title='bbox 787 488 968 535; x_wconf 89' lang='lat' dir='ltr'>peccatri-</span> 
     </span>
     <span class='ocr_line' id='line_1_8' title="bbox 201 536 969 582; baseline 0 -12"><span class='ocrx_word' id='word_1_39' title='bbox 201 546 294 577; x_wconf 82' lang='lat' dir='ltr'>cem,</span> <span class='ocrx_word' id='word_1_40' title='bbox 305 547 387 582; x_wconf 82' lang='lat' dir='ltr'>quae</span> <span class='ocrx_word' id='word_1_41' title='bbox 400 541 551 582; x_wconf 90' lang='lat' dir='ltr'>propter</span> <span class='ocrx_word' id='word_1_42' title='bbox 564 537 634 572; x_wconf 92' lang='lat' dir='ltr'>hoc</span> <span class='ocrx_word' id='word_1_43' title='bbox 649 537 745 582; x_wconf 92' lang='lat' dir='ltr'>quod</span> <span class='ocrx_word' id='word_1_44' title='bbox 759 536 969 571; x_wconf 80' lang='lat' dir='ltr'>considerat</span> 
     </span>
     <span class='ocr_line' id='line_1_9' title="bbox 198 583 970 630; baseline -0.001 -12"><span class='ocrx_word' id='word_1_45' title='bbox 198 584 296 629; x_wconf 88' lang='lat' dir='ltr'>quod</span> <span class='ocrx_word' id='word_1_46' title='bbox 314 583 495 630; x_wconf 86' lang='lat' dir='ltr'>quidquid</span> <span class='ocrx_word' id='word_1_47' title='bbox 510 584 690 629; x_wconf 85' lang='lat' dir='ltr'>quaeritur</span> <span class='ocrx_word' id='word_1_48' title='bbox 705 585 740 618; x_wconf 93' lang='lat' dir='ltr'>in</span> <span class='ocrx_word' id='word_1_49' title='bbox 757 583 895 617; x_wconf 89' lang='lat' dir='ltr'>mundo</span> <span class='ocrx_word' id='word_1_50' title='bbox 914 586 970 617; x_wconf 89' lang='lat' dir='ltr'>est</span> 
     </span>
     <span class='ocr_line' id='line_1_10' title="bbox 195 629 970 674; baseline -0.001 -9"><span class='ocrx_word' id='word_1_51' title='bbox 195 630 343 665; x_wconf 88' lang='lat' dir='ltr'>venatio</span> <span class='ocrx_word' id='word_1_52' title='bbox 362 630 516 674; x_wconf 86' lang='lat' dir='ltr'>inutilis,</span> <span class='ocrx_word' id='word_1_53' title='bbox 536 632 612 666; x_wconf 89' lang='lat' dir='ltr'>sive</span> <span class='ocrx_word' id='word_1_54' title='bbox 634 630 785 672; x_wconf 76' lang='lat' dir='ltr'>divitiae,</span> <span class='ocrx_word' id='word_1_55' title='bbox 808 630 883 664; x_wconf 90' lang='lat' dir='ltr'>sive</span> <span class='ocrx_word' id='word_1_56' title='bbox 902 629 970 664; x_wconf 90' lang='lat' dir='ltr'>de-</span> 
     </span>
     <span class='ocr_line' id='line_1_11' title="bbox 193 676 966 724; baseline -0.003 -12"><span class='ocrx_word' id='word_1_57' title='bbox 193 677 302 721; x_wconf 83' lang='lat' dir='ltr'>liciae,</span> <span class='ocrx_word' id='word_1_58' title='bbox 318 678 571 724; x_wconf 88' lang='lat' dir='ltr'>angustiatur:</span> <span class='ocrx_word' id='word_1_59' title='bbox 587 677 673 722; x_wconf 88' lang='lat' dir='ltr'>quia</span> <span class='ocrx_word' id='word_1_60' title='bbox 691 676 850 721; x_wconf 79' lang='lat' dir='ltr'>perdidit</span> <span class='ocrx_word' id='word_1_61' title='bbox 862 676 966 711; x_wconf 90' lang='lat' dir='ltr'>illum</span> 
     </span>
     <span class='ocr_line' id='line_1_12' title="bbox 197 721 968 769; baseline -0.004 -10"><span class='ocrx_word' id='word_1_62' title='bbox 197 734 331 769; x_wconf 89' lang='lat' dir='ltr'>panem</span> <span class='ocrx_word' id='word_1_63' title='bbox 349 734 479 760; x_wconf 85' lang='lat' dir='ltr'>verum</span> <span class='ocrx_word' id='word_1_64' title='bbox 496 735 568 769; x_wconf 88' lang='lat' dir='ltr'>quo</span> <span class='ocrx_word' id='word_1_65' title='bbox 589 724 841 766; x_wconf 82' lang='lat' dir='ltr'>reficiebatur,</span> <span class='ocrx_word' id='word_1_66' title='bbox 861 721 968 757; x_wconf 83' lang='lat' dir='ltr'>Chri-</span> 
     </span>
     <span class='ocr_line' id='line_1_13' title="bbox 197 770 969 815; baseline -0.004 -9"><span class='ocrx_word' id='word_1_67' title='bbox 197 774 295 807; x_wconf 86' lang='lat' dir='ltr'>stum</span> <span class='ocrx_word' id='word_1_68' title='bbox 334 772 486 815; x_wconf 73' lang='lat' dir='ltr'>scilicet,</span> <span class='ocrx_word' id='word_1_69' title='bbox 521 770 584 815; x_wconf 88' lang='lat' dir='ltr'>qui</span> <span class='ocrx_word' id='word_1_70' title='bbox 620 771 708 805; x_wconf 87' lang='lat' dir='ltr'>dicit</span> <span class='ocrx_word' id='word_1_71' title='bbox 741 781 749 804; x_wconf 79' lang='lat' dir='ltr'>t</span> <span class='ocrx_word' id='word_1_72' title='bbox 778 772 853 815; x_wconf 74' lang='lat' dir='ltr'>Eyo</span> <span class='ocrx_word' id='word_1_73' title='bbox 890 779 969 804; x_wconf 80' lang='lat' dir='ltr'>sum</span> 
     </span>
     <span class='ocr_line' id='line_1_14' title="bbox 190 816 969 864; baseline -0.003 -12"><span class='ocrx_word' id='word_1_74' title='bbox 190 819 303 864; x_wconf 78' lang='lat' dir='ltr'>panis</span> <span class='ocrx_word' id='word_1_75' title='bbox 322 820 439 860; x_wconf 74' lang='lat' dir='ltr'>vivus,</span> <span class='ocrx_word' id='word_1_76' title='bbox 463 819 527 861; x_wconf 83' lang='lat' dir='ltr'>qui</span> <span class='ocrx_word' id='word_1_77' title='bbox 552 817 595 851; x_wconf 83' lang='lat' dir='ltr'>de</span> <span class='ocrx_word' id='word_1_78' title='bbox 618 818 701 851; x_wconf 82' lang='lat' dir='ltr'>coelo</span> <span class='ocrx_word' id='word_1_79' title='bbox 722 816 908 860; x_wconf 79' lang='lat' dir='ltr'>descendi3</span> <span class='ocrx_word' id='word_1_80' title='bbox 932 820 969 851; x_wconf 90' lang='lat' dir='ltr'>et</span> 
     </span>
     <span class='ocr_line' id='line_1_15' title="bbox 196 865 968 908; baseline -0.003 -8"><span class='ocrx_word' id='word_1_81' title='bbox 196 865 409 900; x_wconf 79' lang='lat' dir='ltr'>incenditur</span> <span class='ocrx_word' id='word_1_82' title='bbox 433 874 498 908; x_wconf 90' lang='lat' dir='ltr'>per</span> <span class='ocrx_word' id='word_1_83' title='bbox 525 867 776 908; x_wconf 87' lang='lat' dir='ltr'>contemptum</span> <span class='ocrx_word' id='word_1_84' title='bbox 797 867 968 898; x_wconf 87' lang='lat' dir='ltr'>terreno-</span> 
     </span>
     <span class='ocr_line' id='line_1_16' title="bbox 193 910 968 955; baseline -0.001 -10"><span class='ocrx_word' id='word_1_85' title='bbox 193 921 276 946; x_wconf 87' lang='lat' dir='ltr'>rum</span> <span class='ocrx_word' id='word_1_86' title='bbox 303 914 340 945; x_wconf 88' lang='lat' dir='ltr'>et</span> <span class='ocrx_word' id='word_1_87' title='bbox 372 911 595 945; x_wconf 89' lang='lat' dir='ltr'>desiderium</span> <span class='ocrx_word' id='word_1_88' title='bbox 621 920 881 955; x_wconf 88' lang='lat' dir='ltr'>supernorum.</span> <span class='ocrx_word' id='word_1_89' title='bbox 913 910 968 944; x_wconf 87' lang='lat' dir='ltr'>Ad</span> 
     </span>
     <span class='ocr_line' id='line_1_17' title="bbox 196 956 968 992; baseline -0.001 0"><span class='ocrx_word' id='word_1_90' title='bbox 196 957 308 992; x_wconf 85' lang='lat' dir='ltr'>talem</span> <span class='ocrx_word' id='word_1_91' title='bbox 329 958 493 992; x_wconf 86' lang='lat' dir='ltr'>animam</span> <span class='ocrx_word' id='word_1_92' title='bbox 508 958 608 991; x_wconf 87' lang='lat' dir='ltr'>venit</span> <span class='ocrx_word' id='word_1_93' title='bbox 626 967 734 992; x_wconf 88' lang='lat' dir='ltr'>verus</span> <span class='ocrx_word' id='word_1_94' title='bbox 748 956 844 991; x_wconf 86' lang='lat' dir='ltr'>Elias</span> <span class='ocrx_word' id='word_1_95' title='bbox 859 957 968 992; x_wconf 92' lang='lat' dir='ltr'>Chri-</span> 
     </span>
     <span class='ocr_line' id='line_1_18' title="bbox 198 1003 968 1049; baseline -0.001 -10"><span class='ocrx_word' id='word_1_96' title='bbox 198 1008 290 1045; x_wconf 73' lang='grc'>51115,</span> <span class='ocrx_word' id='word_1_97' title='bbox 319 1009 358 1040; x_wconf 88' lang='lat' dir='ltr'>ut</span> <span class='ocrx_word' id='word_1_98' title='bbox 383 1014 465 1039; x_wconf 89' lang='lat' dir='ltr'>eam</span> <span class='ocrx_word' id='word_1_99' title='bbox 495 1008 621 1049; x_wconf 85' lang='lat' dir='ltr'>pascat</span> <span class='ocrx_word' id='word_1_100' title='bbox 647 1007 684 1039; x_wconf 89' lang='lat' dir='ltr'>et</span> <span class='ocrx_word' id='word_1_101' title='bbox 712 1003 856 1039; x_wconf 84' lang='lat' dir='ltr'>reficiat</span> <span class='ocrx_word' id='word_1_102' title='bbox 886 1014 968 1039; x_wconf 89' lang='lat' dir='ltr'>cum</span> 
     </span>
     <span class='ocr_line' id='line_1_19' title="bbox 202 1050 970 1097; baseline 0 -12"><span class='ocrx_word' id='word_1_103' title='bbox 202 1050 287 1086; x_wconf 86' lang='lat' dir='ltr'>filiis</span> <span class='ocrx_word' id='word_1_104' title='bbox 324 1051 418 1092; x_wconf 86' lang='lat' dir='ltr'>suis,</span> <span class='ocrx_word' id='word_1_105' title='bbox 453 1050 489 1086; x_wconf 91' lang='lat' dir='ltr'>id</span> <span class='ocrx_word' id='word_1_106' title='bbox 525 1054 578 1086; x_wconf 90' lang='lat' dir='ltr'>est</span> <span class='ocrx_word' id='word_1_107' title='bbox 612 1051 899 1097; x_wconf 79' lang='lat' dir='ltr'>cogitationibus</span> <span class='ocrx_word' id='word_1_108' title='bbox 934 1056 970 1085; x_wconf 89' lang='lat' dir='ltr'>et</span> 
     </span>
     <span class='ocr_line' id='line_1_20' title="bbox 202 1097 969 1134; baseline 0.001 -2"><span class='ocrx_word' id='word_1_109' title='bbox 202 1097 460 1133; x_wconf 79' lang='lat' dir='ltr'>affectionibus</span> <span class='ocrx_word' id='word_1_110' title='bbox 485 1098 572 1134; x_wconf 80' lang='lat' dir='ltr'>suis.</span> <span class='ocrx_word' id='word_1_111' title='bbox 601 1097 779 1133; x_wconf 84' lang='lat' dir='ltr'>Similiter</span> <span class='ocrx_word' id='word_1_112' title='bbox 804 1099 969 1133; x_wconf 86' lang='lat' dir='ltr'>Naaman</span> 
     </span>
     <span class='ocr_line' id='line_1_21' title="bbox 202 1145 969 1192; baseline -0.003 -11"><span class='ocrx_word' id='word_1_113' title='bbox 202 1146 315 1192; x_wconf 68' lang='lat' dir='ltr'>Syrus</span> <span class='ocrx_word' id='word_1_114' title='bbox 333 1145 518 1190; x_wconf 79' lang='lat' dir='ltr'>significat</span> <span class='ocrx_word' id='word_1_115' title='bbox 539 1149 786 1190; x_wconf 86' lang='lat' dir='ltr'>peccatorem,</span> <span class='ocrx_word' id='word_1_116' title='bbox 807 1156 850 1179; x_wconf 91' lang='lat' dir='ltr'>eo</span> <span class='ocrx_word' id='word_1_117' title='bbox 871 1145 969 1189; x_wconf 87' lang='lat' dir='ltr'>quod</span> 
     </span>
     <span class='ocr_line' id='line_1_22' title="bbox 198 1192 967 1238; baseline 0 -12"><span class='ocrx_word' id='word_1_118' title='bbox 198 1196 390 1238; x_wconf 87' lang='lat' dir='ltr'>peccatum</span> <span class='ocrx_word' id='word_1_119' title='bbox 403 1192 967 1236; x_wconf 64' lang='grc' dir='ltr'>5111111ορ131111101311101111111111.</span> 
     </span>
     <span class='ocr_line' id='line_1_23' title="bbox 199 1238 966 1283; baseline -0.001 -9"><span class='ocrx_word' id='word_1_120' title='bbox 199 1239 306 1275; x_wconf 87' lang='lat' dir='ltr'>Modo</span> <span class='ocrx_word' id='word_1_121' title='bbox 330 1238 434 1274; x_wconf 92' lang='lat' dir='ltr'>multi</span> <span class='ocrx_word' id='word_1_122' title='bbox 456 1239 547 1274; x_wconf 91' lang='lat' dir='ltr'>tales</span> <span class='ocrx_word' id='word_1_123' title='bbox 564 1243 650 1274; x_wconf 88' lang='lat' dir='ltr'>sunt</span> <span class='ocrx_word' id='word_1_124' title='bbox 669 1240 705 1273; x_wconf 91' lang='lat' dir='ltr'>in</span> <span class='ocrx_word' id='word_1_125' title='bbox 725 1240 887 1283; x_wconf 81' lang='lat' dir='ltr'>mundo3</span> <span class='ocrx_word' id='word_1_126' title='bbox 909 1243 966 1273; x_wconf 86' lang='lat' dir='ltr'>ta-</span> 
     </span>
     <span class='ocr_line' id='line_1_24' title="bbox 199 1286 966 1329; baseline -0.001 -8"><span class='ocrx_word' id='word_1_127' title='bbox 199 1296 286 1322; x_wconf 86' lang='lat' dir='ltr'>men</span> <span class='ocrx_word' id='word_1_128' title='bbox 303 1287 349 1321; x_wconf 90' lang='lat' dir='ltr'>ad</span> <span class='ocrx_word' id='word_1_129' title='bbox 371 1286 512 1320; x_wconf 91' lang='lat' dir='ltr'>nullum</span> <span class='ocrx_word' id='word_1_130' title='bbox 526 1286 627 1320; x_wconf 88' lang='lat' dir='ltr'>venit</span> <span class='ocrx_word' id='word_1_131' title='bbox 646 1287 809 1329; x_wconf 82' lang='lat' dir='ltr'>Elisaeus,</span> <span class='ocrx_word' id='word_1_132' title='bbox 830 1286 900 1320; x_wconf 90' lang='lat' dir='ltr'>nisi</span> <span class='ocrx_word' id='word_1_133' title='bbox 921 1286 966 1320; x_wconf 85' lang='lat' dir='ltr'>ad</span> 
     </span>
     <span class='ocr_line' id='line_1_25' title="bbox 197 1333 968 1379; baseline -0.003 -10"><span class='ocrx_word' id='word_1_134' title='bbox 197 1334 364 1369; x_wconf 82' lang='lat' dir='ltr'>Naaman</span> <span class='ocrx_word' id='word_1_135' title='bbox 388 1333 534 1379; x_wconf 77' lang='lat' dir='ltr'>Syrum.</span> <span class='ocrx_word' id='word_1_136' title='bbox 559 1334 723 1368; x_wconf 87' lang='lat' dir='ltr'>Naaman</span> <span class='ocrx_word' id='word_1_137' title='bbox 749 1334 968 1377; x_wconf 81' lang='lat' dir='ltr'>interpreta-</span> 
     </span>
     <span class='ocr_line' id='line_1_26' title="bbox 198 1380 967 1425; baseline -0.004 -10"><span class='ocrx_word' id='word_1_138' title='bbox 198 1383 259 1415; x_wconf 87' lang='lat' dir='ltr'>tur</span> <span class='ocrx_word' id='word_1_139' title='bbox 280 1380 439 1423; x_wconf 79' lang='lat' dir='ltr'>decorus,</span> <span class='ocrx_word' id='word_1_140' title='bbox 457 1380 512 1414; x_wconf 91' lang='lat' dir='ltr'>vel</span> <span class='ocrx_word' id='word_1_141' title='bbox 534 1390 751 1414; x_wconf 75' lang='lat' dir='ltr'>commovens</span> <span class='ocrx_word' id='word_1_142' title='bbox 770 1390 836 1422; x_wconf 80' lang='lat' dir='ltr'>me,</span> <span class='ocrx_word' id='word_1_143' title='bbox 856 1381 967 1425; x_wconf 76' lang='lat' dir='ltr'>Syrus</span> 
     </span>
     <span class='ocr_line' id='line_1_27' title="bbox 198 1426 968 1470; baseline -0.001 -9"><span class='ocrx_word' id='word_1_144' title='bbox 198 1427 378 1469; x_wconf 73' lang='lat' dir='ltr'>sublimis,</span> <span class='ocrx_word' id='word_1_145' title='bbox 395 1431 431 1461; x_wconf 91' lang='lat' dir='ltr'>et</span> <span class='ocrx_word' id='word_1_146' title='bbox 445 1427 629 1469; x_wconf 76' lang='lat' dir='ltr'>significat</span> <span class='ocrx_word' id='word_1_147' title='bbox 645 1430 891 1470; x_wconf 83' lang='lat' dir='ltr'>peccatorem,</span> <span class='ocrx_word' id='word_1_148' title='bbox 904 1426 968 1469; x_wconf 78' lang='lat' dir='ltr'>qui</span> 
     </span>
     <span class='ocr_line' id='line_1_28' title="bbox 201 1471 964 1517; baseline -0.003 -9"><span class='ocrx_word' id='word_1_149' title='bbox 201 1477 408 1509; x_wconf 86' lang='lat' dir='ltr'>commovet</span> <span class='ocrx_word' id='word_1_150' title='bbox 427 1474 587 1517; x_wconf 88' lang='lat' dir='ltr'>scipsum</span> <span class='ocrx_word' id='word_1_151' title='bbox 604 1483 668 1517; x_wconf 85' lang='lat' dir='ltr'>per</span> <span class='ocrx_word' id='word_1_152' title='bbox 683 1471 964 1516; x_wconf 74' lang='lat' dir='ltr'>contritionem3</span> 
     </span>
     <span class='ocr_line' id='line_1_29' title="bbox 201 1520 969 1563; baseline -0.003 -8"><span class='ocrx_word' id='word_1_153' title='bbox 201 1520 318 1555; x_wconf 83' lang='lat' dir='ltr'>currit</span> <span class='ocrx_word' id='word_1_154' title='bbox 332 1520 375 1554; x_wconf 85' lang='lat' dir='ltr'>ad</span> <span class='ocrx_word' id='word_1_155' title='bbox 392 1520 606 1562; x_wconf 83' lang='lat' dir='ltr'>Jordaiiem,</span> <span class='ocrx_word' id='word_1_156' title='bbox 624 1520 684 1563; x_wconf 83' lang='lat' dir='ltr'>qni</span> <span class='ocrx_word' id='word_1_157' title='bbox 702 1520 969 1563; x_wconf 66' lang='lat' dir='ltr'>interpretatur</span> 
     </span>
     <span class='ocr_line' id='line_1_30' title="bbox 199 1565 966 1611; baseline -0.001 -10"><span class='ocrx_word' id='word_1_158' title='bbox 199 1568 301 1602; x_wconf 72' lang='lat' dir='ltr'>rivus</span> <span class='ocrx_word' id='word_1_159' title='bbox 317 1566 466 1611; x_wconf 79' lang='lat' dir='ltr'>judicii,</span> <span class='ocrx_word' id='word_1_160' title='bbox 481 1566 515 1600; x_wconf 90' lang='lat' dir='ltr'>id</span> <span class='ocrx_word' id='word_1_161' title='bbox 537 1570 590 1600; x_wconf 80' lang='lat' dir='ltr'>est</span> <span class='ocrx_word' id='word_1_162' title='bbox 609 1566 655 1601; x_wconf 87' lang='lat' dir='ltr'>ad</span> <span class='ocrx_word' id='word_1_163' title='bbox 676 1565 966 1610; x_wconf 78' lang='lat' dir='ltr'>conl&#39;essioncm3</span> 
     </span>
     <span class='ocr_line' id='line_1_31' title="bbox 201 1612 970 1657; baseline -0.003 -8"><span class='ocrx_word' id='word_1_164' title='bbox 201 1618 238 1649; x_wconf 90' lang='lat' dir='ltr'>et</span> <span class='ocrx_word' id='word_1_165' title='bbox 260 1614 308 1649; x_wconf 89' lang='lat' dir='ltr'>ibi</span> <span class='ocrx_word' id='word_1_166' title='bbox 331 1613 449 1647; x_wconf 84' lang='lat' dir='ltr'>induit</span> <span class='ocrx_word' id='word_1_167' title='bbox 476 1612 604 1657; x_wconf 63' lang='lat' dir='ltr'>gratiae</span> <span class='ocrx_word' id='word_1_168' title='bbox 633 1614 821 1657; x_wconf 80' lang='lat' dir='ltr'>decorem,</span> <span class='ocrx_word' id='word_1_169' title='bbox 844 1616 879 1647; x_wconf 70' lang='lat' dir='ltr'>ot</span> <span class='ocrx_word' id='word_1_170' title='bbox 906 1623 970 1657; x_wconf 84' lang='lat' dir='ltr'>per</span> 
     </span>
     <span class='ocr_line' id='line_1_32' title="bbox 198 1660 970 1705; baseline -0.001 -10"><span class='ocrx_word' id='word_1_171' title='bbox 198 1660 269 1696; x_wconf 86' lang='lat' dir='ltr'>hoc</span> <span class='ocrx_word' id='word_1_172' title='bbox 300 1661 459 1695; x_wconf 73' lang='lat' dir='ltr'>eflicitur</span> <span class='ocrx_word' id='word_1_173' title='bbox 490 1660 670 1704; x_wconf 80' lang='lat' dir='ltr'>sublimis,</span> <span class='ocrx_word' id='word_1_174' title='bbox 699 1661 785 1705; x_wconf 78' lang='lat' dir='ltr'>quia</span> <span class='ocrx_word' id='word_1_175' title='bbox 810 1671 873 1705; x_wconf 84' lang='lat' dir='ltr'>per</span> <span class='ocrx_word' id='word_1_176' title='bbox 901 1660 970 1695; x_wconf 87' lang='lat' dir='ltr'>hoc</span> 
     </span>
     <span class='ocr_line' id='line_1_33' title="bbox 200 1707 972 1743; baseline -0.001 -1"><span class='ocrx_word' id='word_1_177' title='bbox 200 1708 366 1743; x_wconf 87' lang='lat' dir='ltr'>elevatur</span> <span class='ocrx_word' id='word_1_178' title='bbox 395 1707 442 1742; x_wconf 87' lang='lat' dir='ltr'>ad</span> <span class='ocrx_word' id='word_1_179' title='bbox 476 1708 604 1741; x_wconf 81' lang='lat' dir='ltr'>Deum.</span> <span class='ocrx_word' id='word_1_180' title='bbox 637 1707 690 1741; x_wconf 86' lang='lat' dir='ltr'>Ad</span> <span class='ocrx_word' id='word_1_181' title='bbox 726 1708 837 1742; x_wconf 85' lang='lat' dir='ltr'>talem</span> <span class='ocrx_word' id='word_1_182' title='bbox 870 1707 972 1741; x_wconf 91' lang='lat' dir='ltr'>venit</span> 
     </span>
     <span class='ocr_line' id='line_1_34' title="bbox 199 1754 826 1798; baseline 0 -10"><span class='ocrx_word' id='word_1_183' title='bbox 199 1765 308 1790; x_wconf 84' lang='lat' dir='ltr'>verus</span> <span class='ocrx_word' id='word_1_184' title='bbox 330 1754 496 1798; x_wconf 80' lang='lat' dir='ltr'>Elisaeus,</span> <span class='ocrx_word' id='word_1_185' title='bbox 520 1755 555 1788; x_wconf 84' lang='lat' dir='ltr'>id</span> <span class='ocrx_word' id='word_1_186' title='bbox 575 1757 630 1788; x_wconf 86' lang='lat' dir='ltr'>est</span> <span class='ocrx_word' id='word_1_187' title='bbox 649 1754 826 1789; x_wconf 79' lang='lat' dir='ltr'>Christus.</span> 
     </span>
    </p>

    <p class='ocr_par' dir='ltr' id='par_1_5' title="bbox 197 1802 992 2829">
     <span class='ocr_line' id='line_1_35' title="bbox 252 1802 971 1836; baseline -0.003 0"><span class='ocrx_word' id='word_1_188' title='bbox 252 1816 291 1836; x_wconf 90' lang='lat' dir='ltr'>lo</span> <span class='ocrx_word' id='word_1_189' title='bbox 332 1802 538 1835; x_wconf 72' lang='lat' dir='ltr'>INDIGNATIO</span> <span class='ocrx_word' id='word_1_190' title='bbox 581 1812 818 1836; x_wconf 65' lang='lat' dir='ltr'>uABi&#39;rANTiun</span> <span class='ocrx_word' id='word_1_191' title='bbox 859 1802 971 1835; x_wconf 54' lang='lat' dir='ltr'>Naza-</span> 
     </span>
     <span class='ocr_line' id='line_1_36' title="bbox 197 1849 970 1891; baseline -0.003 -8"><span class='ocrx_word' id='word_1_192' title='bbox 197 1859 313 1891; x_wconf 78' lang='lat' dir='ltr'>RETH3</span> <span class='ocrx_word' id='word_1_193' title='bbox 339 1849 518 1882; x_wconf 78' lang='lat' dir='ltr'>CHRISTUM</span> <span class='ocrx_word' id='word_1_194' title='bbox 539 1859 772 1882; x_wconf 66' lang='lat' dir='ltr'>riifficirimass</span> <span class='ocrx_word' id='word_1_195' title='bbox 799 1859 970 1882; x_wconf 58' lang='lat' dir='ltr'>Tim-Tim.</span> 
     </span>
     <span class='ocr_line' id='line_1_37' title="bbox 198 1895 974 1938; baseline -0.003 -8"><span class='ocrx_word' id='word_1_196' title='bbox 198 1916 244 1921; x_wconf 97' lang='lat'><strong>—</strong></span> <span class='ocrx_word' id='word_1_197' title='bbox 264 1897 311 1930; x_wconf 82' lang='lat' dir='ltr'>Et</span> <span class='ocrx_word' id='word_1_198' title='bbox 331 1905 448 1929; x_wconf 79' lang='lat' dir='ltr'>omnes</span> <span class='ocrx_word' id='word_1_199' title='bbox 468 1896 507 1929; x_wconf 77' lang='lat' dir='ltr'>in</span> <span class='ocrx_word' id='word_1_200' title='bbox 526 1905 711 1938; x_wconf 68' lang='lat' dir='ltr'>synaqoya</span> <span class='ocrx_word' id='word_1_201' title='bbox 730 1896 799 1930; x_wconf 69' lang='lat' dir='ltr'>lucc</span> <span class='ocrx_word' id='word_1_202' title='bbox 819 1895 974 1929; x_wconf 73' lang='lat' dir='ltr'>watien-</span> 
     </span>
     <span class='ocr_line' id='line_1_38' title="bbox 206 1941 973 1987; baseline 0 -11"><span class='ocrx_word' id='word_1_203' title='bbox 206 1945 270 1985; x_wconf 84' lang='lat' dir='ltr'>tes,</span> <span class='ocrx_word' id='word_1_204' title='bbox 291 1941 431 1976; x_wconf 85' lang='lat' dir='ltr'>scilicet</span> <span class='ocrx_word' id='word_1_205' title='bbox 455 1943 553 1986; x_wconf 80' lang='lat' dir='ltr'>quod</span> <span class='ocrx_word' id='word_1_206' title='bbox 577 1953 637 1977; x_wconf 88' lang='lat' dir='ltr'>eos</span> <span class='ocrx_word' id='word_1_207' title='bbox 663 1942 834 1987; x_wconf 86' lang='lat' dir='ltr'>indignos</span> <span class='ocrx_word' id='word_1_208' title='bbox 862 1952 973 1986; x_wconf 88' lang='lat' dir='ltr'>repu-</span> 
     </span>
     <span class='ocr_line' id='line_1_39' title="bbox 204 1988 974 2033; baseline -0.001 -10"><span class='ocrx_word' id='word_1_209' title='bbox 204 1992 315 2032; x_wconf 84' lang='lat' dir='ltr'>taret,</span> <span class='ocrx_word' id='word_1_210' title='bbox 344 1989 440 2023; x_wconf 88' lang='lat' dir='ltr'>inter</span> <span class='ocrx_word' id='word_1_211' title='bbox 477 1999 568 2033; x_wconf 90' lang='lat' dir='ltr'>quos</span> <span class='ocrx_word' id='word_1_212' title='bbox 606 1988 785 2024; x_wconf 88' lang='lat' dir='ltr'>miracula</span> <span class='ocrx_word' id='word_1_213' title='bbox 823 1988 974 2030; x_wconf 84' lang='lat' dir='ltr'>faceret,</span> 
     </span>
     <span class='ocr_line' id='line_1_40' title="bbox 209 2034 977 2081; baseline -0.003 -10"><span class='ocrx_word' id='word_1_214' title='bbox 209 2036 391 2081; x_wconf 87' lang='lat' dir='ltr'>indignati</span> <span class='ocrx_word' id='word_1_215' title='bbox 415 2040 500 2070; x_wconf 90' lang='lat' dir='ltr'>sunt</span> <span class='ocrx_word' id='word_1_216' title='bbox 519 2039 555 2070; x_wconf 91' lang='lat' dir='ltr'>et</span> <span class='ocrx_word' id='word_1_217' title='bbox 574 2037 704 2081; x_wconf 78' lang='lat' dir='ltr'>repleti</span> <span class='ocrx_word' id='word_1_218' title='bbox 722 2039 805 2070; x_wconf 81' lang='lat' dir='ltr'>sunt</span> <span class='ocrx_word' id='word_1_219' title='bbox 825 2038 895 2072; x_wconf 76' lang='lat' dir='ltr'>ira.</span> <span class='ocrx_word' id='word_1_220' title='bbox 915 2034 977 2080; x_wconf 83' lang='lat' dir='ltr'>qui</span> 
     </span>
     <span class='ocr_line' id='line_1_41' title="bbox 210 2082 981 2128; baseline -0.001 -10"><span class='ocrx_word' id='word_1_221' title='bbox 210 2093 252 2118; x_wconf 76' lang='lat' dir='ltr'>ex</span> <span class='ocrx_word' id='word_1_222' title='bbox 267 2083 403 2118; x_wconf 83' lang='lat' dir='ltr'>Christi</span> <span class='ocrx_word' id='word_1_223' title='bbox 415 2082 782 2128; x_wconf 78' lang='lat' dir='ltr'>doctrinaquicsccre</span> <span class='ocrx_word' id='word_1_224' title='bbox 795 2083 981 2117; x_wconf 81' lang='lat' dir='ltr'>dehebant</span> 
     </span>
     <span class='ocr_line' id='line_1_42' title="bbox 211 2129 978 2176; baseline -0.001 -11"><span class='ocrx_word' id='word_1_225' title='bbox 211 2140 232 2165; x_wconf 88' lang='lat' dir='ltr'>a</span> <span class='ocrx_word' id='word_1_226' title='bbox 258 2129 413 2165; x_wconf 84' lang='lat' dir='ltr'>malitia.</span> <span class='ocrx_word' id='word_1_227' title='bbox 436 2130 505 2164; x_wconf 90' lang='lat' dir='ltr'>Per</span> <span class='ocrx_word' id='word_1_228' title='bbox 523 2130 611 2165; x_wconf 90' lang='lat' dir='ltr'>istos</span> <span class='ocrx_word' id='word_1_229' title='bbox 631 2130 891 2176; x_wconf 70' lang='lat' dir='ltr'>significantur</span> <span class='ocrx_word' id='word_1_230' title='bbox 911 2130 978 2172; x_wconf 88' lang='lat' dir='ltr'>illi,</span> 
     </span>
     <span class='ocr_line' id='line_1_43' title="bbox 207 2177 982 2222; baseline 0 -12"><span class='ocrx_word' id='word_1_231' title='bbox 207 2177 270 2222; x_wconf 88' lang='lat' dir='ltr'>qui</span> <span class='ocrx_word' id='word_1_232' title='bbox 321 2180 594 2221; x_wconf 89' lang='lat' dir='ltr'>persequuntur</span> <span class='ocrx_word' id='word_1_233' title='bbox 628 2178 906 2222; x_wconf 61' lang='lat' dir='ltr'>praedicatores,</span> <span class='ocrx_word' id='word_1_234' title='bbox 947 2179 982 2211; x_wconf 88' lang='lat' dir='ltr'>et</span> 
     </span>
     <span class='ocr_line' id='line_1_44' title="bbox 214 2223 984 2269; baseline 0 -12"><span class='ocrx_word' id='word_1_235' title='bbox 214 2223 423 2258; x_wconf 80' lang='lat' dir='ltr'>defensores</span> <span class='ocrx_word' id='word_1_236' title='bbox 453 2224 631 2267; x_wconf 83' lang='lat' dir='ltr'>veritatis,</span> <span class='ocrx_word' id='word_1_237' title='bbox 657 2235 699 2259; x_wconf 86' lang='lat' dir='ltr'>eo</span> <span class='ocrx_word' id='word_1_238' title='bbox 731 2224 829 2269; x_wconf 88' lang='lat' dir='ltr'>quod</span> <span class='ocrx_word' id='word_1_239' title='bbox 857 2224 984 2258; x_wconf 88' lang='lat' dir='ltr'>dicunt</span> 
     </span>
     <span class='ocr_line' id='line_1_45' title="bbox 212 2269 985 2316; baseline 0 -11"><span class='ocrx_word' id='word_1_240' title='bbox 212 2269 445 2314; x_wconf 67' lang='lat' dir='ltr'>displicentia</span> <span class='ocrx_word' id='word_1_241' title='bbox 466 2271 547 2305; x_wconf 83' lang='grc'>11115.</span> <span class='ocrx_word' id='word_1_242' title='bbox 564 2272 637 2306; x_wconf 73' lang='lat' dir='ltr'>Hoc</span> <span class='ocrx_word' id='word_1_243' title='bbox 653 2276 775 2305; x_wconf 87' lang='lat' dir='ltr'>autem</span> <span class='ocrx_word' id='word_1_244' title='bbox 792 2271 887 2305; x_wconf 81' lang='lat' dir='ltr'>sacto</span> <span class='ocrx_word' id='word_1_245' title='bbox 903 2280 985 2316; x_wconf 89' lang='lat' dir='ltr'>pro-</span> 
     </span>
     <span class='ocr_line' id='line_1_46' title="bbox 212 2317 986 2362; baseline -0.001 -10"><span class='ocrx_word' id='word_1_246' title='bbox 212 2317 321 2352; x_wconf 91' lang='lat' dir='ltr'>batur</span> <span class='ocrx_word' id='word_1_247' title='bbox 341 2317 494 2351; x_wconf 83' lang='lat' dir='ltr'>verbum</span> <span class='ocrx_word' id='word_1_248' title='bbox 510 2317 642 2352; x_wconf 76' lang='lat' dir='ltr'>Christi</span> <span class='ocrx_word' id='word_1_249' title='bbox 660 2319 758 2362; x_wconf 88' lang='lat' dir='ltr'>quod</span> <span class='ocrx_word' id='word_1_250' title='bbox 778 2317 916 2352; x_wconf 89' lang='lat' dir='ltr'>dictum</span> <span class='ocrx_word' id='word_1_251' title='bbox 933 2321 986 2351; x_wconf 88' lang='lat' dir='ltr'>est</span> 
     </span>
     <span class='ocr_line' id='line_1_47' title="bbox 214 2363 986 2410; baseline 0 -12"><span class='ocrx_word' id='word_1_252' title='bbox 214 2373 349 2408; x_wconf 86' lang='lat' dir='ltr'>supra:</span> <span class='ocrx_word' id='word_1_253' title='bbox 370 2363 463 2405; x_wconf 76' lang='lat' dir='ltr'>Quia</span> <span class='ocrx_word' id='word_1_254' title='bbox 488 2374 587 2399; x_wconf 82' lang='lat' dir='ltr'>nemo</span> <span class='ocrx_word' id='word_1_255' title='bbox 612 2366 790 2410; x_wconf 78' lang='lat' dir='ltr'>Propheta</span> <span class='ocrx_word' id='word_1_256' title='bbox 813 2368 864 2399; x_wconf 82' lang='lat' dir='ltr'>est</span> <span class='ocrx_word' id='word_1_257' title='bbox 887 2374 986 2399; x_wconf 80' lang='lat' dir='ltr'>acce-</span> 
     </span>
     <span class='ocr_line' id='line_1_48' title="bbox 206 2411 986 2456; baseline 0.003 -13"><span class='ocrx_word' id='word_1_258' title='bbox 206 2413 296 2456; x_wconf 75' lang='lat' dir='ltr'>ptus</span> <span class='ocrx_word' id='word_1_259' title='bbox 310 2411 477 2455; x_wconf 67' lang='lat' dir='ltr'>inputria</span> <span class='ocrx_word' id='word_1_260' title='bbox 488 2420 567 2446; x_wconf 83' lang='lat' dir='ltr'>sua.</span> <span class='ocrx_word' id='word_1_261' title='bbox 585 2412 689 2452; x_wconf 84' lang='lat' dir='ltr'>Nam,</span> <span class='ocrx_word' id='word_1_262' title='bbox 705 2422 785 2446; x_wconf 80' lang='lat' dir='ltr'>cum</span> <span class='ocrx_word' id='word_1_263' title='bbox 801 2411 986 2454; x_wconf 87' lang='lat' dir='ltr'>audirent,</span> 
     </span>
     <span class='ocr_line' id='line_1_49' title="bbox 216 2456 989 2503; baseline 0.003 -12"><span class='ocrx_word' id='word_1_264' title='bbox 216 2456 394 2492; x_wconf 74' lang='lat' dir='ltr'>Nazarcni</span> <span class='ocrx_word' id='word_1_265' title='bbox 417 2458 516 2500; x_wconf 88' lang='lat' dir='ltr'>quod</span> <span class='ocrx_word' id='word_1_266' title='bbox 544 2458 738 2503; x_wconf 75' lang='lat' dir='ltr'>Prophetis</span> <span class='ocrx_word' id='word_1_267' title='bbox 765 2459 989 2503; x_wconf 86' lang='lat' dir='ltr'>Prophetam</span> 
     </span>
     <span class='ocr_line' id='line_1_50' title="bbox 213 2503 991 2549; baseline 0.003 -12"><span class='ocrx_word' id='word_1_268' title='bbox 213 2513 252 2538; x_wconf 91' lang='lat' dir='ltr'>se</span> <span class='ocrx_word' id='word_1_269' title='bbox 278 2503 529 2548; x_wconf 85' lang='lat' dir='ltr'>comparabat,</span> <span class='ocrx_word' id='word_1_270' title='bbox 548 2506 585 2539; x_wconf 89' lang='lat' dir='ltr'>et</span> <span class='ocrx_word' id='word_1_271' title='bbox 607 2504 705 2549; x_wconf 87' lang='lat' dir='ltr'>quod</span> <span class='ocrx_word' id='word_1_272' title='bbox 728 2515 788 2539; x_wconf 87' lang='lat' dir='ltr'>eos</span> <span class='ocrx_word' id='word_1_273' title='bbox 807 2508 851 2540; x_wconf 90' lang='lat' dir='ltr'>de</span> <span class='ocrx_word' id='word_1_274' title='bbox 873 2506 991 2540; x_wconf 89' lang='lat' dir='ltr'>incre-</span> 
     </span>
     <span class='ocr_line' id='line_1_51' title="bbox 219 2549 991 2594; baseline 0 -9"><span class='ocrx_word' id='word_1_275' title='bbox 219 2549 374 2585; x_wconf 88' lang='lat' dir='ltr'>dulitate</span> <span class='ocrx_word' id='word_1_276' title='bbox 392 2550 558 2594; x_wconf 87' lang='lat' dir='ltr'>notabat,</span> <span class='ocrx_word' id='word_1_277' title='bbox 582 2554 618 2585; x_wconf 90' lang='lat' dir='ltr'>et</span> <span class='ocrx_word' id='word_1_278' title='bbox 636 2554 874 2586; x_wconf 79' lang='lat' dir='ltr'>devotionem</span> <span class='ocrx_word' id='word_1_279' title='bbox 896 2551 991 2588; x_wconf 88' lang='lat' dir='ltr'>Gen-</span> 
     </span>
     <span class='ocr_line' id='line_1_52' title="bbox 222 2598 989 2642; baseline 0.003 -11"><span class='ocrx_word' id='word_1_280' title='bbox 222 2598 327 2632; x_wconf 86' lang='lat' dir='ltr'>tium.</span> <span class='ocrx_word' id='word_1_281' title='bbox 350 2606 443 2640; x_wconf 84' lang='lat' dir='ltr'>quas</span> <span class='ocrx_word' id='word_1_282' title='bbox 462 2601 501 2631; x_wconf 91' lang='lat' dir='ltr'>ut</span> <span class='ocrx_word' id='word_1_283' title='bbox 527 2607 636 2632; x_wconf 89' lang='lat' dir='ltr'>canes</span> <span class='ocrx_word' id='word_1_284' title='bbox 663 2598 989 2642; x_wconf 83' lang='lat' dir='ltr'>abominabantur,</span> 
     </span>
     <span class='ocr_line' id='line_1_53' title="bbox 220 2643 992 2688; baseline 0 -9"><span class='ocrx_word' id='word_1_285' title='bbox 220 2643 409 2679; x_wconf 65' lang='lat' dir='ltr'>dexotioni</span> <span class='ocrx_word' id='word_1_286' title='bbox 425 2653 552 2678; x_wconf 89' lang='lat' dir='ltr'>eorum</span> <span class='ocrx_word' id='word_1_287' title='bbox 567 2644 798 2688; x_wconf 56' lang='lat' dir='ltr'>praeferebat,</span> <span class='ocrx_word' id='word_1_288' title='bbox 813 2648 928 2680; x_wconf 82' lang='lat' dir='ltr'>crevit</span> <span class='ocrx_word' id='word_1_289' title='bbox 939 2656 992 2680; x_wconf 86' lang='lat' dir='ltr'>zc-</span> 
     </span>
     <span class='ocr_line' id='line_1_54' title="bbox 222 2689 990 2733; baseline 0.004 -9"><span class='ocrx_word' id='word_1_290' title='bbox 222 2689 293 2733; x_wconf 88' lang='lat' dir='ltr'>lns,</span> <span class='ocrx_word' id='word_1_291' title='bbox 316 2692 430 2725; x_wconf 86' lang='lat' dir='ltr'>crevit</span> <span class='ocrx_word' id='word_1_292' title='bbox 449 2690 517 2733; x_wconf 90' lang='lat' dir='ltr'>ira,</span> <span class='ocrx_word' id='word_1_293' title='bbox 542 2694 656 2725; x_wconf 86' lang='lat' dir='ltr'>crevit</span> <span class='ocrx_word' id='word_1_294' title='bbox 676 2695 712 2726; x_wconf 88' lang='lat' dir='ltr'>et</span> <span class='ocrx_word' id='word_1_295' title='bbox 732 2690 880 2727; x_wconf 89' lang='lat' dir='ltr'>invidia.</span> <span class='ocrx_word' id='word_1_296' title='bbox 905 2692 990 2727; x_wconf 89' lang='lat' dir='ltr'>Ideo</span> 
     </span>
     <span class='ocr_line' id='line_1_55' title="bbox 225 2736 990 2782; baseline 0.004 -11"><span class='ocrx_word' id='word_1_297' title='bbox 225 2737 322 2782; x_wconf 92' lang='lat' dir='ltr'>quod</span> <span class='ocrx_word' id='word_1_298' title='bbox 351 2737 533 2772; x_wconf 86' lang='lat' dir='ltr'>Dominus</span> <span class='ocrx_word' id='word_1_299' title='bbox 561 2737 606 2772; x_wconf 91' lang='lat' dir='ltr'>de</span> <span class='ocrx_word' id='word_1_300' title='bbox 633 2739 685 2772; x_wconf 90' lang='lat' dir='ltr'>eis</span> <span class='ocrx_word' id='word_1_301' title='bbox 708 2736 850 2773; x_wconf 79' lang='lat' dir='ltr'>dixerat</span> <span class='ocrx_word' id='word_1_302' title='bbox 876 2743 912 2773; x_wconf 88' lang='lat' dir='ltr'>et</span> <span class='ocrx_word' id='word_1_303' title='bbox 934 2742 990 2774; x_wconf 86' lang='lat' dir='ltr'>te-</span> 
     </span>
     <span class='ocr_line' id='line_1_56' title="bbox 226 2783 992 2829; baseline 0.004 -11"><span class='ocrx_word' id='word_1_304' title='bbox 226 2785 393 2819; x_wconf 83' lang='lat' dir='ltr'>stabatur</span> <span class='ocrx_word' id='word_1_305' title='bbox 408 2784 535 2828; x_wconf 78' lang='lat' dir='ltr'>verbe,</span> <span class='ocrx_word' id='word_1_306' title='bbox 554 2783 624 2820; x_wconf 90' lang='lat' dir='ltr'>hoc</span> <span class='ocrx_word' id='word_1_307' title='bbox 646 2784 715 2829; x_wconf 88' lang='lat' dir='ltr'>ipsi</span> <span class='ocrx_word' id='word_1_308' title='bbox 737 2785 936 2821; x_wconf 84' lang='lat' dir='ltr'>ostendunt</span> <span class='ocrx_word' id='word_1_309' title='bbox 956 2788 992 2821; x_wconf 88' lang='lat' dir='ltr'>et</span> 
     </span>
    </p>
   </div>
   <div class='ocr_carea' id='block_1_5' title="bbox 1042 252 1833 2830">
    <p class='ocr_par' dir='ltr' id='par_1_6' title="bbox 1042 252 1833 2830">
     <span class='ocr_line' id='line_1_57' title="bbox 1042 252 1811 298; baseline 0.003 -10"><span class='ocrx_word' id='word_1_310' title='bbox 1042 256 1228 289; x_wconf 87' lang='lat' dir='ltr'>testantur</span> <span class='ocrx_word' id='word_1_311' title='bbox 1247 254 1358 298; x_wconf 84' lang='lat' dir='ltr'>sacto,</span> <span class='ocrx_word' id='word_1_312' title='bbox 1375 252 1473 289; x_wconf 86' lang='lat' dir='ltr'>mala</span> <span class='ocrx_word' id='word_1_313' title='bbox 1493 263 1559 297; x_wconf 88' lang='lat' dir='ltr'>pro</span> <span class='ocrx_word' id='word_1_314' title='bbox 1578 253 1687 289; x_wconf 89' lang='lat' dir='ltr'>bonis</span> <span class='ocrx_word' id='word_1_315' title='bbox 1707 253 1811 290; x_wconf 86' lang='lat' dir='ltr'>retri-</span> 
     </span>
     <span class='ocr_line' id='line_1_58' title="bbox 1045 300 1812 341; baseline 0 -5"><span class='ocrx_word' id='word_1_316' title='bbox 1045 301 1204 337; x_wconf 86' lang='lat' dir='ltr'>buendo.</span> <span class='ocrx_word' id='word_1_317' title='bbox 1235 300 1339 337; x_wconf 91' lang='lat' dir='ltr'>Unde</span> <span class='ocrx_word' id='word_1_318' title='bbox 1365 303 1618 341; x_wconf 61' lang='lat' dir='ltr'>sarmatarum,</span> <span class='ocrx_word' id='word_1_319' title='bbox 1650 303 1683 335; x_wconf 87' lang='lat' dir='ltr'>et</span> <span class='ocrx_word' id='word_1_320' title='bbox 1707 301 1812 336; x_wconf 82' lang='lat' dir='ltr'>illum</span> 
     </span>
     <span class='ocr_line' id='line_1_59' title="bbox 1044 348 1811 393; baseline 0.001 -12"><span class='ocrx_word' id='word_1_321' title='bbox 1044 351 1236 393; x_wconf 82' lang='lat' dir='ltr'>tamquam</span> <span class='ocrx_word' id='word_1_322' title='bbox 1261 348 1414 393; x_wconf 87' lang='lat' dir='ltr'>dignum</span> <span class='ocrx_word' id='word_1_323' title='bbox 1437 351 1572 390; x_wconf 89' lang='lat' dir='ltr'>morte,</span> <span class='ocrx_word' id='word_1_324' title='bbox 1594 350 1699 382; x_wconf 74' lang='lat' dir='ltr'>eoetra</span> <span class='ocrx_word' id='word_1_325' title='bbox 1723 349 1811 382; x_wconf 83' lang='lat' dir='ltr'>civi-</span> 
     </span>
     <span class='ocr_line' id='line_1_60' title="bbox 1046 394 1814 438; baseline 0.001 -9"><span class='ocrx_word' id='word_1_326' title='bbox 1046 398 1155 429; x_wconf 79' lang='lat' dir='ltr'>tatem</span> <span class='ocrx_word' id='word_1_327' title='bbox 1188 405 1291 430; x_wconf 88' lang='lat' dir='ltr'>suam</span> <span class='ocrx_word' id='word_1_328' title='bbox 1326 394 1509 430; x_wconf 86' lang='lat' dir='ltr'>Nazareth</span> <span class='ocrx_word' id='word_1_329' title='bbox 1543 394 1742 438; x_wconf 72' lang='lat' dir='ltr'>ejecerunt,</span> <span class='ocrx_word' id='word_1_330' title='bbox 1775 397 1814 430; x_wconf 90' lang='lat' dir='ltr'>ut</span> 
     </span>
     <span class='ocr_line' id='line_1_61' title="bbox 1046 440 1816 477; baseline 0.001 -2"><span class='ocrx_word' id='word_1_331' title='bbox 1046 441 1148 476; x_wconf 92' lang='lat' dir='ltr'>illum</span> <span class='ocrx_word' id='word_1_332' title='bbox 1165 440 1431 477; x_wconf 85' lang='lat' dir='ltr'>interficerent.</span> <span class='ocrx_word' id='word_1_333' title='bbox 1447 441 1551 476; x_wconf 88' lang='lat' dir='ltr'>Unde</span> <span class='ocrx_word' id='word_1_334' title='bbox 1566 440 1654 476; x_wconf 87' lang='lat' dir='ltr'>dicit</span> <span class='ocrx_word' id='word_1_335' title='bbox 1667 441 1816 476; x_wconf 72' lang='lat' dir='ltr'>Ambro-</span> 
     </span>
     <span class='ocr_line' id='line_1_62' title="bbox 1043 487 1818 532; baseline 0 -9"><span class='ocrx_word' id='word_1_336' title='bbox 1043 490 1120 523; x_wconf 83' lang='lat' dir='ltr'>sius</span> <span class='ocrx_word' id='word_1_337' title='bbox 1148 499 1156 523; x_wconf 90' lang='lat'>:</span> <span class='ocrx_word' id='word_1_338' title='bbox 1186 502 1204 521; x_wconf 90' lang='lat'>«</span> <span class='ocrx_word' id='word_1_339' title='bbox 1234 490 1315 524; x_wconf 87' lang='lat' dir='ltr'>Non</span> <span class='ocrx_word' id='word_1_340' title='bbox 1347 489 1496 532; x_wconf 91' lang='lat' dir='ltr'>mirum,</span> <span class='ocrx_word' id='word_1_341' title='bbox 1520 489 1549 522; x_wconf 91' lang='lat' dir='ltr'>si</span> <span class='ocrx_word' id='word_1_342' title='bbox 1576 487 1818 532; x_wconf 86' lang='lat' dir='ltr'>perdiderunt</span> 
     </span>
     <span class='ocr_line' id='line_1_63' title="bbox 1045 535 1819 580; baseline 0.001 -11"><span class='ocrx_word' id='word_1_343' title='bbox 1045 535 1216 579; x_wconf 80' lang='lat' dir='ltr'>salutem,</span> <span class='ocrx_word' id='word_1_344' title='bbox 1232 535 1294 580; x_wconf 86' lang='lat' dir='ltr'>qui</span> <span class='ocrx_word' id='word_1_345' title='bbox 1310 536 1354 571; x_wconf 90' lang='lat' dir='ltr'>de</span> <span class='ocrx_word' id='word_1_346' title='bbox 1374 535 1511 571; x_wconf 88' lang='lat' dir='ltr'>finibus</span> <span class='ocrx_word' id='word_1_347' title='bbox 1532 535 1606 570; x_wconf 85' lang='lat' dir='ltr'>suis</span> <span class='ocrx_word' id='word_1_348' title='bbox 1626 536 1819 580; x_wconf 88' lang='lat' dir='ltr'>ejecerunt</span> 
     </span>
     <span class='ocr_line' id='line_1_64' title="bbox 1046 581 1815 627; baseline -0.003 -9"><span class='ocrx_word' id='word_1_349' title='bbox 1046 583 1291 618; x_wconf 83' lang='lat' dir='ltr'>Salvatorem.</span> <span class='ocrx_word' id='word_1_350' title='bbox 1312 581 1491 618; x_wconf 84' lang='lat' dir='ltr'>Dominus</span> <span class='ocrx_word' id='word_1_351' title='bbox 1513 585 1638 617; x_wconf 87' lang='lat' dir='ltr'>antem</span> <span class='ocrx_word' id='word_1_352' title='bbox 1661 581 1724 627; x_wconf 91' lang='lat' dir='ltr'>qui</span> <span class='ocrx_word' id='word_1_353' title='bbox 1749 581 1815 617; x_wconf 91' lang='lat' dir='ltr'>do-</span> 
     </span>
     <span class='ocr_line' id='line_1_65' title="bbox 1045 627 1817 673; baseline -0.001 -9"><span class='ocrx_word' id='word_1_354' title='bbox 1045 632 1174 664; x_wconf 86' lang='lat' dir='ltr'>cuerat</span> <span class='ocrx_word' id='word_1_355' title='bbox 1204 628 1371 673; x_wconf 82' lang='lat' dir='ltr'>exemplo</span> <span class='ocrx_word' id='word_1_356' title='bbox 1405 630 1460 664; x_wconf 92' lang='lat' dir='ltr'>sui</span> <span class='ocrx_word' id='word_1_357' title='bbox 1491 628 1663 664; x_wconf 76' lang='lat' dir='ltr'>omnibus</span> <span class='ocrx_word' id='word_1_358' title='bbox 1691 627 1817 664; x_wconf 87' lang='lat' dir='ltr'>omnia</span> 
     </span>
     <span class='ocr_line' id='line_1_66' title="bbox 1046 674 1817 720; baseline -0.001 -10"><span class='ocrx_word' id='word_1_359' title='bbox 1046 676 1142 719; x_wconf 81' lang='lat' dir='ltr'>sieri,</span> <span class='ocrx_word' id='word_1_360' title='bbox 1164 686 1232 711; x_wconf 88' lang='lat' dir='ltr'>nec</span> <span class='ocrx_word' id='word_1_361' title='bbox 1255 675 1421 711; x_wconf 87' lang='lat' dir='ltr'>volentes</span> <span class='ocrx_word' id='word_1_362' title='bbox 1439 675 1624 720; x_wconf 87' lang='lat' dir='ltr'>repudiat,</span> <span class='ocrx_word' id='word_1_363' title='bbox 1640 686 1709 710; x_wconf 88' lang='lat' dir='ltr'>nec</span> <span class='ocrx_word' id='word_1_364' title='bbox 1726 674 1817 710; x_wconf 86' lang='lat' dir='ltr'>invi-</span> 
     </span>
     <span class='ocr_line' id='line_1_67' title="bbox 1044 722 1815 768; baseline 0 -11"><span class='ocrx_word' id='word_1_365' title='bbox 1044 726 1101 758; x_wconf 90' lang='lat' dir='ltr'>tos</span> <span class='ocrx_word' id='word_1_366' title='bbox 1118 722 1259 768; x_wconf 72' lang='lat' dir='ltr'>alligat,</span> <span class='ocrx_word' id='word_1_367' title='bbox 1270 733 1338 757; x_wconf 90' lang='lat' dir='ltr'>nec</span> <span class='ocrx_word' id='word_1_368' title='bbox 1350 722 1582 767; x_wconf 84' lang='lat' dir='ltr'>ejicientibus</span> <span class='ocrx_word' id='word_1_369' title='bbox 1597 723 1815 765; x_wconf 80' lang='lat' dir='ltr'>reluctatur,</span> 
     </span>
     <span class='ocr_line' id='line_1_68' title="bbox 1043 769 1817 814; baseline 0 -10"><span class='ocrx_word' id='word_1_370' title='bbox 1043 780 1112 805; x_wconf 88' lang='lat' dir='ltr'>nec</span> <span class='ocrx_word' id='word_1_371' title='bbox 1130 770 1349 814; x_wconf 84' lang='lat' dir='ltr'>rogantibus</span> <span class='ocrx_word' id='word_1_372' title='bbox 1369 769 1485 805; x_wconf 89' lang='lat' dir='ltr'>deest.</span> <span class='ocrx_word' id='word_1_373' title='bbox 1505 782 1522 802; x_wconf 86' lang='lat'>»</span> <span class='ocrx_word' id='word_1_374' title='bbox 1544 769 1721 805; x_wconf 87' lang='lat' dir='ltr'>Subditur</span> <span class='ocrx_word' id='word_1_375' title='bbox 1739 780 1747 804; x_wconf 72' lang='grc' dir='ltr'>ε</span> <span class='ocrx_word' id='word_1_376' title='bbox 1770 770 1817 804; x_wconf 80' lang='lat' dir='ltr'>Et</span> 
     </span>
     <span class='ocr_line' id='line_1_69' title="bbox 1043 816 1818 861; baseline -0.001 -10"><span class='ocrx_word' id='word_1_377' title='bbox 1043 818 1225 852; x_wconf 73' lang='lat' dir='ltr'>dzioeerunt</span> <span class='ocrx_word' id='word_1_378' title='bbox 1251 818 1356 851; x_wconf 76' lang='lat' dir='ltr'>illum</span> <span class='ocrx_word' id='word_1_379' title='bbox 1382 827 1495 861; x_wconf 77' lang='lat' dir='ltr'>usque</span> <span class='ocrx_word' id='word_1_380' title='bbox 1515 816 1563 851; x_wconf 79' lang='lat' dir='ltr'>ad</span> <span class='ocrx_word' id='word_1_381' title='bbox 1585 817 1818 861; x_wconf 74' lang='lat' dir='ltr'>supercilium</span> 
     </span>
     <span class='ocr_line' id='line_1_70' title="bbox 1044 863 1819 909; baseline -0.001 -11"><span class='ocrx_word' id='word_1_382' title='bbox 1044 866 1189 907; x_wconf 76' lang='lat' dir='ltr'>montis,</span> <span class='ocrx_word' id='word_1_383' title='bbox 1204 875 1313 909; x_wconf 80' lang='lat' dir='ltr'>super</span> <span class='ocrx_word' id='word_1_384' title='bbox 1328 874 1431 909; x_wconf 79' lang='lat' dir='ltr'>quem</span> <span class='ocrx_word' id='word_1_385' title='bbox 1445 864 1623 908; x_wconf 55' lang='lat' dir='ltr'>aedificata</span> <span class='ocrx_word' id='word_1_386' title='bbox 1641 867 1718 897; x_wconf 77' lang='lat' dir='ltr'>erat</span> <span class='ocrx_word' id='word_1_387' title='bbox 1736 863 1819 898; x_wconf 81' lang='lat' dir='ltr'>civi-</span> 
     </span>
     <span class='ocr_line' id='line_1_71' title="bbox 1045 911 1818 956; baseline 0 -11"><span class='ocrx_word' id='word_1_388' title='bbox 1045 915 1100 946; x_wconf 81' lang='lat' dir='ltr'>tas</span> <span class='ocrx_word' id='word_1_389' title='bbox 1116 922 1248 954; x_wconf 77' lang='lat' dir='ltr'>eorum,</span> <span class='ocrx_word' id='word_1_390' title='bbox 1266 914 1306 945; x_wconf 84' lang='lat' dir='ltr'>ut</span> <span class='ocrx_word' id='word_1_391' title='bbox 1317 912 1587 956; x_wconf 70' lang='lat' dir='ltr'>praecz‘pz&#39;tarent</span> <span class='ocrx_word' id='word_1_392' title='bbox 1599 921 1690 946; x_wconf 81' lang='lat' dir='ltr'>eum.</span> <span class='ocrx_word' id='word_1_393' title='bbox 1707 911 1818 945; x_wconf 85' lang='lat' dir='ltr'>Naza-</span> 
     </span>
     <span class='ocr_line' id='line_1_72' title="bbox 1044 957 1822 1002; baseline -0.001 -10"><span class='ocrx_word' id='word_1_394' title='bbox 1044 958 1126 993; x_wconf 88' lang='lat' dir='ltr'>reth</span> <span class='ocrx_word' id='word_1_395' title='bbox 1143 957 1294 1002; x_wconf 85' lang='lat' dir='ltr'>quidem</span> <span class='ocrx_word' id='word_1_396' title='bbox 1307 957 1492 993; x_wconf 75' lang='lat' dir='ltr'>aedificata</span> <span class='ocrx_word' id='word_1_397' title='bbox 1504 960 1584 992; x_wconf 91' lang='lat' dir='ltr'>erat</span> <span class='ocrx_word' id='word_1_398' title='bbox 1597 967 1708 1002; x_wconf 89' lang='lat' dir='ltr'>super</span> <span class='ocrx_word' id='word_1_399' title='bbox 1718 966 1822 991; x_wconf 87' lang='lat' dir='ltr'>mon—</span> 
     </span>
     <span class='ocr_line' id='line_1_73' title="bbox 1046 1003 1819 1047; baseline -0.001 -8"><span class='ocrx_word' id='word_1_400' title='bbox 1046 1009 1134 1047; x_wconf 87' lang='lat' dir='ltr'>tem,</span> <span class='ocrx_word' id='word_1_401' title='bbox 1151 1005 1213 1039; x_wconf 70' lang='lat' dir='ltr'>sed</span> <span class='ocrx_word' id='word_1_402' title='bbox 1230 1015 1305 1039; x_wconf 87' lang='lat' dir='ltr'>non</span> <span class='ocrx_word' id='word_1_403' title='bbox 1322 1004 1360 1039; x_wconf 90' lang='lat' dir='ltr'>in</span> <span class='ocrx_word' id='word_1_404' title='bbox 1375 1004 1581 1047; x_wconf 87' lang='lat' dir='ltr'>cacumine,</span> <span class='ocrx_word' id='word_1_405' title='bbox 1596 1003 1698 1038; x_wconf 88' lang='lat' dir='ltr'>unde</span> <span class='ocrx_word' id='word_1_406' title='bbox 1717 1005 1819 1038; x_wconf 82' lang='lat' dir='ltr'>extra</span> 
     </span>
     <span class='ocr_line' id='line_1_74' title="bbox 1049 1051 1820 1094; baseline -0.001 -8"><span class='ocrx_word' id='word_1_407' title='bbox 1049 1051 1251 1094; x_wconf 84' lang='lat' dir='ltr'>civitatem,</span> <span class='ocrx_word' id='word_1_408' title='bbox 1266 1052 1311 1086; x_wconf 87' lang='lat' dir='ltr'>ad</span> <span class='ocrx_word' id='word_1_409' title='bbox 1331 1061 1511 1087; x_wconf 81' lang='lat' dir='ltr'>cacumen</span> <span class='ocrx_word' id='word_1_410' title='bbox 1530 1051 1714 1086; x_wconf 58' lang='lat' dir='ltr'>duxerunt</span> <span class='ocrx_word' id='word_1_411' title='bbox 1734 1059 1820 1086; x_wconf 89' lang='lat' dir='ltr'>eum</span> 
     </span>
     <span class='ocr_line' id='line_1_75' title="bbox 1048 1097 1821 1144; baseline -0.001 -11"><span class='ocrx_word' id='word_1_412' title='bbox 1048 1099 1093 1134; x_wconf 87' lang='lat' dir='ltr'>ad</span> <span class='ocrx_word' id='word_1_413' title='bbox 1113 1098 1437 1144; x_wconf 60' lang='lat' dir='ltr'>pra’cipitandum.</span> <span class='ocrx_word' id='word_1_414' title='bbox 1458 1099 1497 1133; x_wconf 90' lang='lat' dir='ltr'>ln</span> <span class='ocrx_word' id='word_1_415' title='bbox 1515 1108 1603 1143; x_wconf 88' lang='lat' dir='ltr'>quo,</span> <span class='ocrx_word' id='word_1_416' title='bbox 1616 1097 1821 1133; x_wconf 88' lang='lat' dir='ltr'>secundum</span> 
     </span>
     <span class='ocr_line' id='line_1_76' title="bbox 1047 1143 1820 1191; baseline -0.004 -10"><span class='ocrx_word' id='word_1_417' title='bbox 1047 1147 1195 1189; x_wconf 71' lang='lat' dir='ltr'>Bedam,</span> <span class='ocrx_word' id='word_1_418' title='bbox 1206 1145 1504 1191; x_wconf 82' lang='lat' dir='ltr'>Judaeidiscipuli</span> <span class='ocrx_word' id='word_1_419' title='bbox 1518 1143 1820 1190; x_wconf 88' lang='lat' dir='ltr'>pej0resdiabolo</span> 
     </span>
     <span class='ocr_line' id='line_1_77' title="bbox 1048 1190 1819 1238; baseline -0.004 -10"><span class='ocrx_word' id='word_1_420' title='bbox 1048 1193 1226 1238; x_wconf 64' lang='lat' dir='ltr'>magistro</span> <span class='ocrx_word' id='word_1_421' title='bbox 1255 1203 1320 1227; x_wconf 87' lang='lat' dir='ltr'>suo</span> <span class='ocrx_word' id='word_1_422' title='bbox 1348 1192 1607 1235; x_wconf 86' lang='lat' dir='ltr'>ostenduntur,</span> <span class='ocrx_word' id='word_1_423' title='bbox 1628 1192 1716 1235; x_wconf 86' lang='lat' dir='ltr'>quia</span> <span class='ocrx_word' id='word_1_424' title='bbox 1742 1190 1819 1234; x_wconf 87' lang='lat' dir='ltr'>ille,</span> 
     </span>
     <span class='ocr_line' id='line_1_78' title="bbox 1047 1239 1819 1283; baseline -0.004 -9"><span class='ocrx_word' id='word_1_425' title='bbox 1047 1241 1161 1275; x_wconf 73' lang='lat' dir='ltr'>verbo</span> <span class='ocrx_word' id='word_1_426' title='bbox 1178 1243 1341 1283; x_wconf 85' lang='lat' dir='ltr'>tentans,</span> <span class='ocrx_word' id='word_1_427' title='bbox 1361 1239 1412 1274; x_wconf 87' lang='lat' dir='ltr'>ait</span> <span class='ocrx_word' id='word_1_428' title='bbox 1433 1251 1440 1274; x_wconf 75' lang='grc' dir='ltr'>ε</span> <span class='ocrx_word' id='word_1_429' title='bbox 1459 1241 1562 1274; x_wconf 83' lang='lat' dir='ltr'>Mitte</span> <span class='ocrx_word' id='word_1_430' title='bbox 1580 1242 1612 1273; x_wconf 83' lang='lat' dir='ltr'>te</span> <span class='ocrx_word' id='word_1_431' title='bbox 1629 1239 1819 1280; x_wconf 75' lang='lat' dir='ltr'>deorsum,-</span> 
     </span>
     <span class='ocr_line' id='line_1_79' title="bbox 1048 1284 1819 1332; baseline -0.005 -10"><span class='ocrx_word' id='word_1_432' title='bbox 1048 1286 1106 1322; x_wconf 90' lang='lat' dir='ltr'>isti</span> <span class='ocrx_word' id='word_1_433' title='bbox 1134 1287 1244 1330; x_wconf 81' lang='lat' dir='ltr'>sacto,</span> <span class='ocrx_word' id='word_1_434' title='bbox 1271 1287 1316 1321; x_wconf 91' lang='lat' dir='ltr'>de</span> <span class='ocrx_word' id='word_1_435' title='bbox 1341 1285 1539 1332; x_wconf 86' lang='lat' dir='ltr'>supercilio</span> <span class='ocrx_word' id='word_1_436' title='bbox 1567 1284 1702 1320; x_wconf 88' lang='lat' dir='ltr'>montis</span> <span class='ocrx_word' id='word_1_437' title='bbox 1733 1293 1819 1319; x_wconf 90' lang='lat' dir='ltr'>eum</span> 
     </span>
     <span class='ocr_line' id='line_1_80' title="bbox 1044 1331 1821 1378; baseline -0.003 -10"><span class='ocrx_word' id='word_1_438' title='bbox 1044 1333 1190 1369; x_wconf 89' lang='lat' dir='ltr'>mittere</span> <span class='ocrx_word' id='word_1_439' title='bbox 1204 1337 1237 1368; x_wconf 90' lang='lat' dir='ltr'>et</span> <span class='ocrx_word' id='word_1_440' title='bbox 1254 1333 1487 1378; x_wconf 78' lang='lat' dir='ltr'>praecipitare</span> <span class='ocrx_word' id='word_1_441' title='bbox 1502 1332 1747 1367; x_wconf 88' lang='lat' dir='ltr'>conabantur.</span> <span class='ocrx_word' id='word_1_442' title='bbox 1763 1331 1821 1366; x_wconf 83' lang='lat' dir='ltr'>Je-</span> 
     </span>
     <span class='ocr_line' id='line_1_81' title="bbox 1045 1378 1819 1423; baseline -0.003 -8"><span class='ocrx_word' id='word_1_443' title='bbox 1045 1391 1106 1415; x_wconf 90' lang='lat' dir='ltr'>sus</span> <span class='ocrx_word' id='word_1_444' title='bbox 1123 1383 1245 1415; x_wconf 79' lang='lat' dir='ltr'>autem</span> <span class='ocrx_word' id='word_1_445' title='bbox 1266 1379 1398 1414; x_wconf 70' lang='lat' dir='ltr'>xirtute</span> <span class='ocrx_word' id='word_1_446' title='bbox 1420 1378 1638 1422; x_wconf 88' lang='lat' dir='ltr'>divinitatis,</span> <span class='ocrx_word' id='word_1_447' title='bbox 1662 1388 1734 1423; x_wconf 82' lang='lat' dir='ltr'>qua</span> <span class='ocrx_word' id='word_1_448' title='bbox 1753 1387 1819 1423; x_wconf 90' lang='lat' dir='ltr'>po-</span> 
     </span>
     <span class='ocr_line' id='line_1_82' title="bbox 1044 1424 1819 1470; baseline -0.004 -8"><span class='ocrx_word' id='word_1_449' title='bbox 1044 1430 1142 1462; x_wconf 85' lang='lat' dir='ltr'>terat</span> <span class='ocrx_word' id='word_1_450' title='bbox 1164 1437 1202 1461; x_wconf 87' lang='lat' dir='ltr'>se</span> <span class='ocrx_word' id='word_1_451' title='bbox 1217 1437 1364 1461; x_wconf 80' lang='lat' dir='ltr'>servare</span> <span class='ocrx_word' id='word_1_452' title='bbox 1382 1425 1536 1460; x_wconf 74' lang='lat' dir='ltr'>illaesum</span> <span class='ocrx_word' id='word_1_453' title='bbox 1554 1425 1701 1470; x_wconf 73' lang='lat' dir='ltr'>quando</span> <span class='ocrx_word' id='word_1_454' title='bbox 1718 1424 1819 1459; x_wconf 85' lang='lat' dir='ltr'>vole-</span> 
     </span>
     <span class='ocr_line' id='line_1_83' title="bbox 1046 1472 1818 1518; baseline -0.004 -10"><span class='ocrx_word' id='word_1_455' title='bbox 1046 1474 1121 1516; x_wconf 84' lang='lat' dir='ltr'>bat,</span> <span class='ocrx_word' id='word_1_456' title='bbox 1133 1475 1311 1507; x_wconf 57' lang='lat' dir='ltr'>transistus</span> <span class='ocrx_word' id='word_1_457' title='bbox 1320 1483 1385 1518; x_wconf 76' lang='lat' dir='ltr'>per</span> <span class='ocrx_word' id='word_1_458' title='bbox 1396 1473 1551 1507; x_wconf 78' lang='lat' dir='ltr'>medium</span> <span class='ocrx_word' id='word_1_459' title='bbox 1564 1473 1710 1506; x_wconf 73' lang='lat' dir='ltr'>illorum</span> <span class='ocrx_word' id='word_1_460' title='bbox 1720 1472 1818 1514; x_wconf 74' lang='lat' dir='ltr'>ibat,-</span> 
     </span>
     <span class='ocr_line' id='line_1_84' title="bbox 1045 1517 1818 1555; baseline -0.003 0"><span class='ocrx_word' id='word_1_461' title='bbox 1045 1524 1080 1555; x_wconf 90' lang='lat' dir='ltr'>et</span> <span class='ocrx_word' id='word_1_462' title='bbox 1106 1519 1297 1555; x_wconf 84' lang='lat' dir='ltr'>descendit</span> <span class='ocrx_word' id='word_1_463' title='bbox 1323 1520 1367 1554; x_wconf 89' lang='lat' dir='ltr'>de</span> <span class='ocrx_word' id='word_1_464' title='bbox 1396 1522 1521 1554; x_wconf 82' lang='lat' dir='ltr'>monte</span> <span class='ocrx_word' id='word_1_465' title='bbox 1546 1529 1620 1553; x_wconf 89' lang='lat' dir='ltr'>non</span> <span class='ocrx_word' id='word_1_466' title='bbox 1649 1518 1745 1553; x_wconf 86' lang='lat' dir='ltr'>visus</span> <span class='ocrx_word' id='word_1_467' title='bbox 1772 1517 1818 1553; x_wconf 86' lang='lat' dir='ltr'>ab</span> 
     </span>
     <span class='ocr_line' id='line_1_85' title="bbox 1045 1564 1819 1612; baseline -0.004 -10"><span class='ocrx_word' id='word_1_468' title='bbox 1045 1568 1096 1602; x_wconf 88' lang='lat' dir='ltr'>eis</span> <span class='ocrx_word' id='word_1_469' title='bbox 1118 1577 1209 1612; x_wconf 86' lang='lat' dir='ltr'>quos</span> <span class='ocrx_word' id='word_1_470' title='bbox 1233 1567 1441 1610; x_wconf 86' lang='lat' dir='ltr'>deserebat,</span> <span class='ocrx_word' id='word_1_471' title='bbox 1464 1569 1588 1600; x_wconf 86' lang='lat' dir='ltr'>mente</span> <span class='ocrx_word' id='word_1_472' title='bbox 1616 1564 1819 1600; x_wconf 89' lang='lat' dir='ltr'>furentium</span> 
     </span>
     <span class='ocr_line' id='line_1_86' title="bbox 1049 1612 1818 1658; baseline -0.003 -9"><span class='ocrx_word' id='word_1_473' title='bbox 1049 1614 1172 1650; x_wconf 83' lang='lat' dir='ltr'>subito</span> <span class='ocrx_word' id='word_1_474' title='bbox 1195 1624 1258 1658; x_wconf 83' lang='lat' dir='ltr'>per</span> <span class='ocrx_word' id='word_1_475' title='bbox 1280 1615 1394 1649; x_wconf 91' lang='lat' dir='ltr'>Deum</span> <span class='ocrx_word' id='word_1_476' title='bbox 1417 1616 1557 1648; x_wconf 85' lang='lat' dir='ltr'>mutata</span> <span class='ocrx_word' id='word_1_477' title='bbox 1574 1612 1629 1647; x_wconf 85' lang='lat' dir='ltr'>vel</span> <span class='ocrx_word' id='word_1_478' title='bbox 1651 1614 1818 1656; x_wconf 77' lang='lat' dir='ltr'>obstupe-</span> 
     </span>
     <span class='ocr_line' id='line_1_87' title="bbox 1051 1660 1816 1705; baseline -0.004 -9"><span class='ocrx_word' id='word_1_479' title='bbox 1051 1663 1160 1697; x_wconf 81' lang='lat' dir='ltr'>l&#39;acta.</span> <span class='ocrx_word' id='word_1_480' title='bbox 1190 1661 1336 1696; x_wconf 82' lang='lat' dir='ltr'>Etenim</span> <span class='ocrx_word' id='word_1_481' title='bbox 1363 1660 1509 1705; x_wconf 86' lang='lat' dir='ltr'>quando</span> <span class='ocrx_word' id='word_1_482' title='bbox 1537 1660 1626 1703; x_wconf 72' lang='lat' dir='ltr'>vult,</span> <span class='ocrx_word' id='word_1_483' title='bbox 1648 1660 1816 1704; x_wconf 78' lang='lat' dir='ltr'>capitur3</span> 
     </span>
     <span class='ocr_line' id='line_1_88' title="bbox 1051 1705 1822 1754; baseline -0.004 -11"><span class='ocrx_word' id='word_1_484' title='bbox 1051 1709 1202 1754; x_wconf 80' lang='lat' dir='ltr'>quando</span> <span class='ocrx_word' id='word_1_485' title='bbox 1236 1709 1325 1752; x_wconf 73' lang='lat' dir='ltr'>vult,</span> <span class='ocrx_word' id='word_1_486' title='bbox 1358 1707 1515 1750; x_wconf 82' lang='lat' dir='ltr'>labitur3</span> <span class='ocrx_word' id='word_1_487' title='bbox 1550 1706 1700 1751; x_wconf 80' lang='lat' dir='ltr'>quando</span> <span class='ocrx_word' id='word_1_488' title='bbox 1729 1705 1822 1749; x_wconf 90' lang='lat' dir='ltr'>vult,</span> 
     </span>
     <span class='ocr_line' id='line_1_89' title="bbox 1049 1754 1823 1800; baseline -0.003 -10"><span class='ocrx_word' id='word_1_489' title='bbox 1049 1755 1309 1800; x_wconf 66' lang='lat' dir='ltr'>suspenditur3</span> <span class='ocrx_word' id='word_1_490' title='bbox 1334 1755 1482 1800; x_wconf 85' lang='lat' dir='ltr'>quando</span> <span class='ocrx_word' id='word_1_491' title='bbox 1507 1754 1598 1797; x_wconf 87' lang='lat' dir='ltr'>vult,</span> <span class='ocrx_word' id='word_1_492' title='bbox 1620 1764 1695 1788; x_wconf 84' lang='grc'>11011</span> <span class='ocrx_word' id='word_1_493' title='bbox 1720 1755 1823 1788; x_wconf 86' lang='lat' dir='ltr'>tene-</span> 
     </span>
     <span class='ocr_line' id='line_1_90' title="bbox 1050 1799 1823 1847; baseline -0.003 -11"><span class='ocrx_word' id='word_1_494' title='bbox 1050 1806 1124 1837; x_wconf 87' lang='lat' dir='ltr'>tnr.</span> <span class='ocrx_word' id='word_1_495' title='bbox 1146 1802 1251 1844; x_wconf 79' lang='lat' dir='ltr'>Quod</span> <span class='ocrx_word' id='word_1_496' title='bbox 1267 1802 1411 1847; x_wconf 78' lang='lat' dir='ltr'>capitur</span> <span class='ocrx_word' id='word_1_497' title='bbox 1427 1806 1461 1836; x_wconf 92' lang='lat' dir='ltr'>et</span> <span class='ocrx_word' id='word_1_498' title='bbox 1482 1804 1629 1836; x_wconf 84' lang='lat' dir='ltr'>tenetur</span> <span class='ocrx_word' id='word_1_499' title='bbox 1644 1811 1665 1835; x_wconf 91' lang='lat' dir='ltr'>a</span> <span class='ocrx_word' id='word_1_500' title='bbox 1683 1799 1823 1844; x_wconf 86' lang='lat' dir='ltr'>paucis,</span> 
     </span>
     <span class='ocr_line' id='line_1_91' title="bbox 1049 1847 1822 1893; baseline -0.003 -10"><span class='ocrx_word' id='word_1_501' title='bbox 1049 1848 1249 1884; x_wconf 84' lang='lat' dir='ltr'>voluntatis</span> <span class='ocrx_word' id='word_1_502' title='bbox 1267 1855 1343 1892; x_wconf 81' lang='lat' dir='ltr'>est3</span> <span class='ocrx_word' id='word_1_503' title='bbox 1366 1848 1463 1892; x_wconf 83' lang='lat' dir='ltr'>quod</span> <span class='ocrx_word' id='word_1_504' title='bbox 1482 1858 1503 1882; x_wconf 86' lang='lat' dir='ltr'>a</span> <span class='ocrx_word' id='word_1_505' title='bbox 1523 1847 1656 1893; x_wconf 88' lang='lat' dir='ltr'>populo</span> <span class='ocrx_word' id='word_1_506' title='bbox 1676 1857 1751 1882; x_wconf 89' lang='lat' dir='ltr'>non</span> <span class='ocrx_word' id='word_1_507' title='bbox 1768 1850 1822 1882; x_wconf 91' lang='lat' dir='ltr'>te-</span> 
     </span>
     <span class='ocr_line' id='line_1_92' title="bbox 1051 1895 1825 1939; baseline -0.003 -9"><span class='ocrx_word' id='word_1_508' title='bbox 1051 1899 1173 1939; x_wconf 87' lang='lat' dir='ltr'>netur,</span> <span class='ocrx_word' id='word_1_509' title='bbox 1191 1897 1254 1930; x_wconf 72' lang='grc'>5011</span> <span class='ocrx_word' id='word_1_510' title='bbox 1272 1895 1417 1938; x_wconf 83' lang='lat' dir='ltr'>transit,</span> <span class='ocrx_word' id='word_1_511' title='bbox 1434 1895 1638 1939; x_wconf 82' lang='lat' dir='ltr'>majestatis</span> <span class='ocrx_word' id='word_1_512' title='bbox 1659 1896 1724 1929; x_wconf 88' lang='lat' dir='ltr'>est.</span> <span class='ocrx_word' id='word_1_513' title='bbox 1745 1895 1825 1929; x_wconf 92' lang='lat' dir='ltr'>Non</span> 
     </span>
     <span class='ocr_line' id='line_1_93' title="bbox 1053 1941 1825 1988; baseline -0.004 -10"><span class='ocrx_word' id='word_1_514' title='bbox 1053 1954 1142 1988; x_wconf 68' lang='lat' dir='ltr'>ergo</span> <span class='ocrx_word' id='word_1_515' title='bbox 1164 1942 1318 1986; x_wconf 86' lang='lat' dir='ltr'>resistit,</span> <span class='ocrx_word' id='word_1_516' title='bbox 1342 1953 1410 1977; x_wconf 88' lang='lat' dir='ltr'>nec</span> <span class='ocrx_word' id='word_1_517' title='bbox 1433 1953 1470 1977; x_wconf 83' lang='lat' dir='ltr'>sc</span> <span class='ocrx_word' id='word_1_518' title='bbox 1492 1941 1666 1984; x_wconf 79' lang='lat' dir='ltr'>vindicat,</span> <span class='ocrx_word' id='word_1_519' title='bbox 1689 1941 1825 1976; x_wconf 85' lang='lat' dir='ltr'>docens</span> 
     </span>
     <span class='ocr_line' id='line_1_94' title="bbox 1053 1987 1825 2034; baseline -0.003 -9"><span class='ocrx_word' id='word_1_520' title='bbox 1053 2000 1118 2025; x_wconf 83' lang='lat' dir='ltr'>nos</span> <span class='ocrx_word' id='word_1_521' title='bbox 1128 1989 1166 2024; x_wconf 88' lang='lat' dir='ltr'>in</span> <span class='ocrx_word' id='word_1_522' title='bbox 1176 1990 1259 2033; x_wconf 89' lang='lat' dir='ltr'>hoc,</span> <span class='ocrx_word' id='word_1_523' title='bbox 1272 1994 1393 2024; x_wconf 90' lang='lat' dir='ltr'>utnon</span> <span class='ocrx_word' id='word_1_524' title='bbox 1405 1999 1567 2034; x_wconf 79' lang='lat' dir='ltr'>quaeram</span> <span class='ocrx_word' id='word_1_525' title='bbox 1577 1999 1616 2022; x_wconf 89' lang='grc'>115</span> <span class='ocrx_word' id='word_1_526' title='bbox 1626 1987 1825 2023; x_wconf 88' lang='lat' dir='ltr'>vindictam</span> 
     </span>
     <span class='ocr_line' id='line_1_95' title="bbox 1055 2033 1826 2082; baseline -0.004 -10"><span class='ocrx_word' id='word_1_527' title='bbox 1055 2036 1369 2082; x_wconf 76' lang='lat' dir='ltr'>deinjUriisnobis</span> <span class='ocrx_word' id='word_1_528' title='bbox 1379 2033 1826 2081; x_wconf 74' lang='lat' dir='ltr'>factis3sedpermedium</span> 
     </span>
     <span class='ocr_line' id='line_1_96' title="bbox 1057 2080 1825 2126; baseline -0.003 -7"><span class='ocrx_word' id='word_1_529' title='bbox 1057 2083 1296 2119; x_wconf 88' lang='lat' dir='ltr'>inimicorum</span> <span class='ocrx_word' id='word_1_530' title='bbox 1307 2082 1507 2126; x_wconf 86' lang='lat' dir='ltr'>transiens,</span> <span class='ocrx_word' id='word_1_531' title='bbox 1518 2093 1627 2117; x_wconf 82' lang='lat' dir='ltr'>canes</span> <span class='ocrx_word' id='word_1_532' title='bbox 1641 2080 1825 2117; x_wconf 83' lang='lat' dir='ltr'>hincinde</span> 
     </span>
     <span class='ocr_line' id='line_1_97' title="bbox 1058 2129 1825 2173; baseline -0.004 -7"><span class='ocrx_word' id='word_1_533' title='bbox 1058 2131 1235 2166; x_wconf 88' lang='lat' dir='ltr'>latrantes</span> <span class='ocrx_word' id='word_1_534' title='bbox 1262 2129 1480 2173; x_wconf 84' lang='lat' dir='ltr'>contemnit,</span> <span class='ocrx_word' id='word_1_535' title='bbox 1508 2131 1651 2164; x_wconf 90' lang='lat' dir='ltr'>malens</span> <span class='ocrx_word' id='word_1_536' title='bbox 1677 2139 1740 2163; x_wconf 89' lang='lat' dir='ltr'>eos</span> <span class='ocrx_word' id='word_1_537' title='bbox 1766 2138 1825 2164; x_wconf 89' lang='lat' dir='ltr'>sa-</span> 
     </span>
     <span class='ocr_line' id='line_1_98' title="bbox 1059 2175 1827 2223; baseline -0.007 -10"><span class='ocrx_word' id='word_1_538' title='bbox 1059 2188 1148 2213; x_wconf 88' lang='lat' dir='ltr'>nare</span> <span class='ocrx_word' id='word_1_539' title='bbox 1169 2188 1279 2223; x_wconf 87' lang='lat' dir='ltr'>quam</span> <span class='ocrx_word' id='word_1_540' title='bbox 1306 2178 1476 2223; x_wconf 85' lang='lat' dir='ltr'>perdere,</span> <span class='ocrx_word' id='word_1_541' title='bbox 1501 2181 1541 2211; x_wconf 90' lang='lat' dir='ltr'>ut</span> <span class='ocrx_word' id='word_1_542' title='bbox 1562 2178 1744 2210; x_wconf 83' lang='lat' dir='ltr'>cassatam</span> <span class='ocrx_word' id='word_1_543' title='bbox 1770 2175 1827 2209; x_wconf 86' lang='lat' dir='ltr'>vi-</span> 
     </span>
     <span class='ocr_line' id='line_1_99' title="bbox 1061 2221 1826 2269; baseline -0.004 -9"><span class='ocrx_word' id='word_1_544' title='bbox 1061 2226 1188 2260; x_wconf 88' lang='lat' dir='ltr'>dentes</span> <span class='ocrx_word' id='word_1_545' title='bbox 1220 2234 1326 2260; x_wconf 89' lang='lat' dir='ltr'>suam</span> <span class='ocrx_word' id='word_1_546' title='bbox 1359 2222 1574 2269; x_wconf 85' lang='lat' dir='ltr'>nequitiam,</span> <span class='ocrx_word' id='word_1_547' title='bbox 1604 2221 1737 2257; x_wconf 87' lang='lat' dir='ltr'>deinde</span> <span class='ocrx_word' id='word_1_548' title='bbox 1763 2222 1826 2257; x_wconf 87' lang='lat' dir='ltr'>de-</span> 
     </span>
     <span class='ocr_line' id='line_1_100' title="bbox 1061 2267 1829 2317; baseline -0.004 -11"><span class='ocrx_word' id='word_1_549' title='bbox 1061 2271 1236 2307; x_wconf 80' lang='lat' dir='ltr'>sisterent</span> <span class='ocrx_word' id='word_1_550' title='bbox 1261 2272 1307 2306; x_wconf 87' lang='lat' dir='ltr'>ab</span> <span class='ocrx_word' id='word_1_551' title='bbox 1333 2272 1413 2317; x_wconf 84' lang='lat' dir='ltr'>ejus</span> <span class='ocrx_word' id='word_1_552' title='bbox 1440 2274 1570 2305; x_wconf 76' lang='lat' dir='ltr'>morte.</span> <span class='ocrx_word' id='word_1_553' title='bbox 1598 2270 1699 2304; x_wconf 86' lang='lat' dir='ltr'>Tunc</span> <span class='ocrx_word' id='word_1_554' title='bbox 1728 2267 1829 2304; x_wconf 89' lang='lat' dir='ltr'>enim</span> 
     </span>
     <span class='ocr_line' id='line_1_101' title="bbox 1062 2315 1828 2362; baseline -0.005 -9"><span class='ocrx_word' id='word_1_555' title='bbox 1062 2319 1218 2354; x_wconf 76' lang='lat' dir='ltr'>evadere</span> <span class='ocrx_word' id='word_1_556' title='bbox 1231 2318 1359 2361; x_wconf 82' lang='lat' dir='ltr'>voluit,</span> <span class='ocrx_word' id='word_1_557' title='bbox 1369 2316 1455 2361; x_wconf 70' lang='lat' dir='ltr'>quia</span> <span class='ocrx_word' id='word_1_558' title='bbox 1468 2315 1696 2362; x_wconf 81' lang='lat' dir='ltr'>poenitcntiae</span> <span class='ocrx_word' id='word_1_559' title='bbox 1707 2315 1828 2350; x_wconf 89' lang='grc'>10011111</span> 
     </span>
     <span class='ocr_line' id='line_1_102' title="bbox 1062 2362 1829 2408; baseline -0.004 -8"><span class='ocrx_word' id='word_1_560' title='bbox 1062 2366 1183 2400; x_wconf 83' lang='lat' dir='ltr'>adhuc</span> <span class='ocrx_word' id='word_1_561' title='bbox 1196 2364 1267 2399; x_wconf 90' lang='lat' dir='ltr'>illis</span> <span class='ocrx_word' id='word_1_562' title='bbox 1280 2365 1507 2407; x_wconf 82' lang='lat' dir='ltr'>reservabat,</span> <span class='ocrx_word' id='word_1_563' title='bbox 1518 2366 1553 2398; x_wconf 87' lang='lat' dir='ltr'>et</span> <span class='ocrx_word' id='word_1_564' title='bbox 1565 2373 1650 2408; x_wconf 84' lang='lat' dir='ltr'>quia</span> <span class='ocrx_word' id='word_1_565' title='bbox 1662 2362 1829 2398; x_wconf 87' lang='lat' dir='ltr'>nondum</span> 
     </span>
     <span class='ocr_line' id='line_1_103' title="bbox 1063 2410 1831 2455; baseline -0.004 -8"><span class='ocrx_word' id='word_1_566' title='bbox 1063 2413 1156 2447; x_wconf 89' lang='lat' dir='ltr'>hora</span> <span class='ocrx_word' id='word_1_567' title='bbox 1177 2410 1359 2446; x_wconf 83' lang='lat' dir='ltr'>Passionis</span> <span class='ocrx_word' id='word_1_568' title='bbox 1379 2411 1457 2455; x_wconf 84' lang='lat' dir='ltr'>ejus</span> <span class='ocrx_word' id='word_1_569' title='bbox 1472 2413 1636 2454; x_wconf 85' lang='lat' dir='ltr'>venerat,</span> <span class='ocrx_word' id='word_1_570' title='bbox 1652 2419 1721 2444; x_wconf 91' lang='lat' dir='ltr'>nec</span> <span class='ocrx_word' id='word_1_571' title='bbox 1740 2413 1831 2445; x_wconf 86' lang='lat' dir='ltr'>tunc</span> 
     </span>
     <span class='ocr_line' id='line_1_104' title="bbox 1064 2456 1831 2502; baseline -0.004 -8"><span class='ocrx_word' id='word_1_572' title='bbox 1064 2458 1102 2494; x_wconf 92' lang='lat' dir='ltr'>in</span> <span class='ocrx_word' id='word_1_573' title='bbox 1135 2459 1214 2494; x_wconf 91' lang='lat' dir='ltr'>loco</span> <span class='ocrx_word' id='word_1_574' title='bbox 1247 2457 1435 2493; x_wconf 79' lang='lat' dir='ltr'>Passionis</span> <span class='ocrx_word' id='word_1_575' title='bbox 1465 2461 1558 2500; x_wconf 82' lang='lat' dir='ltr'>erat,</span> <span class='ocrx_word' id='word_1_576' title='bbox 1580 2461 1616 2491; x_wconf 91' lang='lat' dir='ltr'>et</span> <span class='ocrx_word' id='word_1_577' title='bbox 1645 2457 1731 2502; x_wconf 89' lang='lat' dir='ltr'>quia</span> <span class='ocrx_word' id='word_1_578' title='bbox 1761 2456 1831 2492; x_wconf 89' lang='lat' dir='ltr'>hoc</span> 
     </span>
     <span class='ocr_line' id='line_1_105' title="bbox 1064 2503 1833 2551; baseline -0.005 -10"><span class='ocrx_word' id='word_1_579' title='bbox 1064 2516 1181 2551; x_wconf 83' lang='lat' dir='ltr'>genus</span> <span class='ocrx_word' id='word_1_580' title='bbox 1201 2505 1345 2548; x_wconf 88' lang='lat' dir='ltr'>mortis,</span> <span class='ocrx_word' id='word_1_581' title='bbox 1365 2505 1428 2550; x_wconf 89' lang='lat' dir='ltr'>qui</span> <span class='ocrx_word' id='word_1_582' title='bbox 1453 2503 1725 2549; x_wconf 77' lang='lat' dir='ltr'>crucifigendus</span> <span class='ocrx_word' id='word_1_583' title='bbox 1738 2512 1833 2548; x_wconf 86' lang='lat' dir='ltr'>prae-</span> 
     </span>
     <span class='ocr_line' id='line_1_106' title="bbox 1066 2547 1831 2597; baseline -0.005 -10"><span class='ocrx_word' id='word_1_584' title='bbox 1066 2553 1318 2596; x_wconf 86' lang='lat' dir='ltr'>conizabatur,</span> <span class='ocrx_word' id='word_1_585' title='bbox 1341 2562 1415 2586; x_wconf 88' lang='lat' dir='ltr'>non</span> <span class='ocrx_word' id='word_1_586' title='bbox 1433 2551 1608 2597; x_wconf 81' lang='lat' dir='ltr'>elegerat.</span> <span class='ocrx_word' id='word_1_587' title='bbox 1631 2549 1761 2585; x_wconf 87' lang='lat' dir='ltr'>Adhuc</span> <span class='ocrx_word' id='word_1_588' title='bbox 1781 2547 1831 2585; x_wconf 92' lang='lat' dir='ltr'>ibi</span> 
     </span>
     <span class='ocr_line' id='line_1_107' title="bbox 1067 2594 1833 2643; baseline -0.004 -9"><span class='ocrx_word' id='word_1_589' title='bbox 1067 2598 1274 2634; x_wconf 87' lang='lat' dir='ltr'>ostenditur</span> <span class='ocrx_word' id='word_1_590' title='bbox 1292 2599 1409 2642; x_wconf 89' lang='lat' dir='ltr'>locus,</span> <span class='ocrx_word' id='word_1_591' title='bbox 1423 2599 1486 2643; x_wconf 86' lang='lat' dir='ltr'>qui</span> <span class='ocrx_word' id='word_1_592' title='bbox 1511 2596 1649 2632; x_wconf 89' lang='lat' dir='ltr'>dicitur</span> <span class='ocrx_word' id='word_1_593' title='bbox 1665 2594 1833 2641; x_wconf 72' lang='lat' dir='ltr'>praeeipi-</span> 
     </span>
     <span class='ocr_line' id='line_1_108' title="bbox 1067 2641 1832 2688; baseline -0.003 -7"><span class='ocrx_word' id='word_1_594' title='bbox 1067 2646 1157 2681; x_wconf 89' lang='lat' dir='ltr'>tium</span> <span class='ocrx_word' id='word_1_595' title='bbox 1188 2651 1224 2681; x_wconf 85' lang='lat' dir='ltr'>et</span> <span class='ocrx_word' id='word_1_596' title='bbox 1256 2645 1373 2680; x_wconf 86' lang='lat' dir='ltr'>saltus</span> <span class='ocrx_word' id='word_1_597' title='bbox 1402 2643 1562 2687; x_wconf 91' lang='lat' dir='ltr'>Domini,</span> <span class='ocrx_word' id='word_1_598' title='bbox 1582 2652 1648 2688; x_wconf 88' lang='lat' dir='ltr'>per</span> <span class='ocrx_word' id='word_1_599' title='bbox 1674 2641 1832 2679; x_wconf 83' lang='lat' dir='ltr'>milliare</span> 
     </span>
     <span class='ocr_line' id='line_1_109' title="bbox 1066 2688 1828 2735; baseline -0.007 -7"><span class='ocrx_word' id='word_1_600' title='bbox 1066 2692 1204 2728; x_wconf 88' lang='lat' dir='ltr'>scilicet</span> <span class='ocrx_word' id='word_1_601' title='bbox 1223 2703 1243 2727; x_wconf 86' lang='lat' dir='ltr'>a</span> <span class='ocrx_word' id='word_1_602' title='bbox 1263 2693 1457 2735; x_wconf 88' lang='lat' dir='ltr'>Nazareth,</span> <span class='ocrx_word' id='word_1_603' title='bbox 1477 2693 1604 2726; x_wconf 81' lang='lat' dir='ltr'>contra</span> <span class='ocrx_word' id='word_1_604' title='bbox 1623 2688 1828 2734; x_wconf 86' lang='lat' dir='ltr'>Meridiem,</span> 
     </span>
     <span class='ocr_line' id='line_1_110' title="bbox 1066 2735 1829 2780; baseline -0.004 -6"><span class='ocrx_word' id='word_1_605' title='bbox 1066 2750 1192 2774; x_wconf 88' lang='lat' dir='ltr'>versus</span> <span class='ocrx_word' id='word_1_606' title='bbox 1234 2740 1452 2774; x_wconf 89' lang='lat' dir='ltr'>Jerusalem.</span> <span class='ocrx_word' id='word_1_607' title='bbox 1496 2737 1585 2780; x_wconf 89' lang='lat' dir='ltr'>Ubi,</span> <span class='ocrx_word' id='word_1_608' title='bbox 1626 2735 1829 2772; x_wconf 87' lang='lat' dir='ltr'>secundum</span> 
     </span>
     <span class='ocr_line' id='line_1_111' title="bbox 1064 2782 1830 2830; baseline -0.004 -8"><span class='ocrx_word' id='word_1_609' title='bbox 1064 2787 1220 2830; x_wconf 82' lang='lat' dir='ltr'>Bedam,</span> <span class='ocrx_word' id='word_1_610' title='bbox 1253 2796 1336 2821; x_wconf 88' lang='lat' dir='ltr'>cum</span> <span class='ocrx_word' id='word_1_611' title='bbox 1370 2783 1550 2820; x_wconf 90' lang='lat' dir='ltr'>Dominus</span> <span class='ocrx_word' id='word_1_612' title='bbox 1580 2784 1625 2819; x_wconf 88' lang='lat' dir='ltr'>de</span> <span class='ocrx_word' id='word_1_613' title='bbox 1658 2782 1830 2819; x_wconf 91' lang='lat' dir='ltr'>manibus</span> 
     </span>
    </p>
   </div>
  </div>
 </body>
</html>
