1894 3186
111 191 134 224 8
225 195 228 198 ⁴
608 187 752 221 PRIMAE
789 187 948 221 PARTIS
988 187 1125 222 CAPUT
1161 188 1250 223 XLV

136 259 206 296 Ubi
242 258 441 295 Rabanus:
481 258 598 294 «Non
640 257 900 302 discipulatum

134 305 287 352 respuit,
316 305 379 340 sed
400 304 543 350 expleta
568 303 730 349 primum
755 305 900 350 paterni

134 352 275 388 funeris
307 352 456 397 pietate,
483 351 637 387 liberior
668 352 767 386 hunc
796 352 899 396 sequi

132 399 332 442 desiderat,
358 399 453 434 sicut
485 398 650 442 Elisaeus,
680 403 835 434 vocante
861 409 899 433 se

127 446 231 482 Elia:
265 446 422 487 Osculer,
452 446 585 491 inquit,
607 455 667 480 oro
690 448 738 489 te,
757 448 899 491 patrem

121 503 239 528 meum
266 495 299 527 et
318 496 469 528 matrem
488 503 615 533 meam,
638 495 672 528 et
696 494 748 528 sic
767 503 900 537 sequar

120 541 168 576 te.
188 553 201 571 »
224 541 327 574 Jesus
346 543 465 575 autem
482 541 536 575 ait
552 541 624 583 illi,
640 540 766 574 animo
786 540 900 574 corri-

126 587 253 632 piendi
274 600 281 624 :
299 587 452 632 Sequere
471 597 538 631 me,
557 597 630 622 non
648 586 817 622 obstante
838 596 899 631 pa-

124 634 192 668 tris
206 635 259 669 tui
275 634 417 669 funere.
438 634 654 678 Quasidicat
667 649 675 670 ς
690 634 770 668 Non
789 637 843 667 est
853 634 898 668 de

123 680 290 716 caritatis
309 682 439 717 ordine
464 681 584 715 minus
604 681 743 716 honum
764 680 897 725 majori

121 737 354 772 praeponere:
365 731 398 763 et
414 729 557 763 dimitte
566 731 738 771 mortuos,
757 728 898 762 scilicet

125 781 246 811 morte
266 775 396 819 culpae,
416 777 565 820 sepelire
584 778 755 814 mortuos,
775 779 896 809 morte

123 825 282 866 naturae,
310 832 405 862 εῑιοε,
434 821 576 857 scilicet
601 822 671 856 sibi
699 822 897 857 adstrictos

125 868 275 904 vinculo
308 868 595 914 propinquitatis
624 869 680 903 vel
718 871 892 913 naturae;

126 915 255 951 dicens
287 920 412 951 autern
437 926 533 959 suos,
555 914 788 950 monstrabat
809 925 897 959 quo-

119 962 220 997 niam
247 962 307 996 hic
333 966 500 998 mortuus
520 973 596 997 non
623 963 715 1008 ejus,
740 962 805 997 sed
827 961 896 996 ali-

129 1010 212 1053 quis
237 1009 443 1045 infidelium
465 1014 559 1054 erat,
586 1010 688 1054 cujus
710 1013 746 1045 et
770 1009 896 1054 scpul-

126 1058 228 1092 tores
248 1066 314 1100 per
338 1056 597 1092 infidelitatem
624 1056 825 1101 impietatis
858 1057 895 1090 in

123 1103 250 1138 anima
271 1105 437 1138 mortuos
461 1103 615 1148 intelligi
644 1104 806 1139 volebat.
835 1104 894 1137 In—

119 1148 248 1185 fideles
285 1150 459 1184 dicuntur
502 1149 652 1193 mortui,
695 1151 782 1195 quia
822 1149 894 1184 fide

117 1200 260 1239 carent,
297 1206 380 1240 quae
413 1196 488 1231 vita
514 1197 650 1232 animae
671 1202 738 1239 est,
766 1208 895 1232 secun-

120 1243 209 1278 dum
241 1243 331 1278 illud
354 1255 362 1278 :
398 1245 521 1278 Justus
542 1254 587 1278 ρει)
611 1244 682 1288 fide
701 1244 805 1279 vivit.
829 1245 894 1279 Hic

114 1299 205 1336 ergo
223 1295 437 1325 removetur
450 1290 649 1325 carnalitas
671 1293 894 1337 propinquo-

119 1346 224 1380 rum;
254 1347 320 1381 per
349 1337 419 1372 hoc
455 1336 552 1371 enim
581 1339 681 1382 quod
708 1338 799 1373 dixit
825 1339 858 1373 ei
882 1350 890 1373 :

113 1383 276 1428 Sequere
295 1394 360 1426 me,
387 1387 419 1419 et
441 1384 585 1418 dimitte
609 1388 768 1419 mortuos
793 1395 892 1430 sepe-

120 1430 188 1465 lire
213 1434 372 1465 monitos
390 1440 486 1474 suos,
510 1430 670 1465 ostendit
689 1432 788 1476 quod
809 1442 892 1466 car-

120 1477 217 1512 nalis
237 1477 391 1512 affectus
410 1488 431 1511 a
446 1477 688 1522 sequentibus
704 1479 891 1513 Christum

117 1527 175 1559 est
200 1523 366 1558 totaliter
393 1524 645 1558 dimittendus
674 1525 719 1558 Et
744 1529 798 1558 est
822 1526 893 1559 hoc

122 1574 385 1616 argumentum
416 1573 547 1605 contra
592 1575 809 1606 excusantes
854 1581 892 1607 se

121 1616 167 1651 de
206 1617 374 1662 ingressu
412 1618 618 1663 religionis,
651 1624 803 1662 propter
836 1628 892 1652 cu-

120 1673 201 1698 ram
229 1667 449 1707 parentum;
479 1666 567 1698 item
590 1668 719 1698 contra
740 1674 891 1708 procra-

117 1710 316 1753 stinantes,
354 1708 512 1744 sienim
547 1710 666 1744 noluit
706 1711 890 1746 retardari

114 1765 184 1799 pro
232 1756 435 1800 sepultura,
482 1756 598 1791 multo
654 1756 776 1791 minus
824 1768 890 1801 pro

110 1802 353 1846 expeditione
372 1802 559 1838 diuturna.
581 1803 684 1838 Unde
705 1805 756 1838 ait
775 1804 889 1847 Chry-

118 1852 296 1884 sostomus
317 1860 325 1884 :
368 1861 386 1881 «
407 1849 509 1884 Alius
550 1850 756 1885 intentione
805 1852 890 1885 licta

112 1894 220 1940 dixit,
250 1905 382 1940 sequar
415 1898 470 1939 te;
502 1896 561 1931 hie
585 1898 696 1932 etiam
722 1902 890 1932 sanctam

116 1951 197 1977 rem
232 1947 361 1986 petens
400 1952 477 1977 non
514 1944 651 1978 sinitur
693 1947 887 1988 recedere,

114 1989 205 2033 >quia
245 1990 307 2023 alii
345 1993 452 2024 erant
496 1991 558 2034 qui
597 1990 811 2034 sepelirent,
854 1996 890 2026 et

116 2034 216 2070 hunc
256 2045 277 2070 a
309 2036 427 2080 magis
468 2038 684 2071 necessariis
712 2038 889 2072 recedere

116 2090 193 2116 non
214 2082 435 2125 oportebat:
460 2094 476 2114 »
499 2082 578 2117 brec
603 2084 888 2127 chrysostomus.

114 2128 160 2162 Et
192 2129 275 2162 vide
313 2128 500 2172 quomodo
530 2128 693 2173 primum
720 2131 888 2165 dolosum

112 2178 154 2210 et
191 2174 405 2219 superbum,
443 2176 505 2220 qui
534 2178 619 2210 ticte
651 2181 688 2212 et
718 2177 890 2212 simulata

115 2226 243 2257 mente
263 2227 482 2265 accesserat,
500 2223 663 2267 respuit,
684 2226 889 2258 secundum

119 2267 326 2313 simplicem
361 2273 397 2302 et
427 2269 613 2312 devotum,
648 2271 710 2315 qui
739 2281 824 2306 vere
853 2275 890 2305 et

117 2314 278 2359 simplici
297 2319 421 2350 mente
442 2320 478 2349 et
496 2326 587 2359 puro
607 2319 719 2353 corde
739 2328 889 2362 quiere-

117 2359 195 2405 hat‚
214 2363 261 2396 ad
276 2361 331 2396 sui
351 2362 540 2406 sequelam
557 2362 679 2407 traxit,
699 2369 734 2398 et
748 2366 888 2408 absque

120 2407 301 2443 dilatione
319 2417 357 2442 se
376 2408 479 2452 sequi
496 2409 631 2454 jubens
650 2420 719 2445 nec
741 2416 888 2456 patrem

121 2454 280 2499 sepelire
299 2456 475 2499 permisit,
499 2464 609 2499 quein
627 2456 720 2492 forte
736 2468 757 2492 a
770 2459 890 2503 sepul-

109 2503 201 2536 tura
227 2511 303 2536 non
328 2501 590 2546 prohibuisset,
611 2503 640 2536 si
661 2503 723 2538 alii
747 2514 808 2548 qui
830 2515 888 2539 se-

122 2547 285 2592 pelirent
300 2558 374 2582 non
388 2548 557 2583 fuissent.
572 2551 622 2583 Ac
635 2550 665 2583 si
680 2550 714 2585 ei
728 2550 884 2587 diceret:

120 2594 261 2630 Venisti
282 2596 329 2629 ad
351 2595 478 2639 vitam,
500 2595 553 2630 vis
572 2596 697 2631 redire
715 2598 762 2631 ad
785 2608 888 2633 mor-

125 2643 201 2676 tem
221 2642 236 2676 ἵ)
257 2642 333 2684 qu
352 2651 431 2675 sum
453 2643 543 2686 vita,
569 2652 636 2687 ego
663 2653 743 2678 sum
765 2645 887 2689 Pater,

120 2691 162 2723 -et
181 2687 334 2723 Creator
350 2692 433 2722 tuus
457 2699 465 2724 ε
497 2689 650 2734 Sequere
677 2700 744 2735 me,
777 2694 811 2725 et
834 2692 890 2727 di-

122 2736 226 2770 mitte
252 2738 410 2770 mortuos
432 2736 582 2781 sepelire
601 2740 758 2772 mortuos
775 2747 858 2773 suos
876 2749 887 2783 3

124 2783 165 2817 tu
189 2784 322 2828 autem,
347 2781 452 2824 vade,
476 2784 510 2817 et
534 2784 714 2818 annuntia
738 2794 887 2828 reynum

971 259 1050 303 Dei,
1080 268 1155 293 non
1188 258 1343 302 fabulas,
1378 269 1454 294 non
1491 260 1744 308 curiositates,

973 304 1031 341 vel
1067 305 1207 351 aliquid
1245 305 1513 351 hujuscemodi.
1543 308 1624 342 Non
1650 318 1745 354 nego

973 352 1203 397 sepulturam
1234 363 1312 388 esse
1343 353 1387 389 de
1409 354 1584 398 operibus
1603 354 1747 391 miseri-

976 399 1128 442 cordiae,
1151 410 1219 435 nee
1236 400 1318 435 dico
1342 410 1456 444 opera
1477 401 1555 446 ejus
1575 402 1743 446 proximo

974 457 1048 481 non
1074 456 1154 482 esse
1175 446 1439 491 impendenda,
1463 448 1527 483 sed
1548 458 1613 491 pro
1634 449 1748 495 majo-

971 493 1075 528 ribus
1095 504 1173 529 esse
1195 495 1467 539 postponenda.
1488 495 1681 531 Annuntia
1693 505 1749 531 re-

970 551 1080 584 qnum
1099 542 1177 583 Dei,
1198 542 1335 576 suscita
1361 545 1525 577 mortuos
1545 542 1582 576 in
1603 543 1743 580 anima.

972 588 1193 623 lnstruimur
1223 599 1312 633 ergo
1348 588 1423 631 hic,
1452 593 1491 623 ut
1517 598 1584 633 pro
1612 589 1745 635 maJ'ori

971 635 1069 670 bono
1087 636 1208 670 minus
1230 635 1369 670 bonum
1391 635 1606 670 deseramus
1623 648 1632 682 3
1652 645 1742 671 nam

970 682 1002 716 si
1023 682 1256 717 meritorium
1278 682 1324 716 sit
1351 687 1543 726 parentem
1570 682 1741 728 sepelire,

970 729 1119 775 dignius
1139 734 1195 765 est
1213 735 1339 764 tamen
1359 729 1470 765 verba
1492 729 1577 764 vitae
1593 730 1742 772 docere,

970 777 1071 821 pium
1109 778 1245 821 quippe
1277 780 1356 810 erat
1387 776 1486 820 quod
1514 776 1664 812 volebat
1686 775 1743 812 fa—

970 834 1068 867 cere,
1082 824 1146 858 sed
1164 824 1288 858 docuit
1304 823 1480 869 Magister
1489 822 1579 867 quid
1591 823 1746 860 deberet

972 879 1189 915 praeponere
1213 880 1221 904 :
1253 870 1372 913 majus
1397 871 1496 905 enim
1519 874 1574 905 est
1601 870 1744 907 animas

970 922 1217 960 mortuorum,
1256 917 1510 961 praedicando,
1546 917 1593 952 ad
1629 917 1746 953 vitam

970 965 1204 1007 resuscitare,
1239 974 1351 1009 quam
1379 975 1511 1009 corpus
1538 965 1675 1000 mortui
1701 964 1741 1000 in

970 1015 1069 1045 terra
1095 1011 1354 1055 abscondere3
1384 1013 1504 1056 majus
1529 1015 1584 1045 est
1604 1011 1743 1056 praedi-

970 1057 1089 1093 cando
1111 1068 1225 1094 unum
1250 1057 1382 1093 saltem
1407 1057 1609 1102 vivificare,
1630 1067 1744 1103 qnam

968 1115 1098 1140 omnes
1127 1110 1292 1140 mortuos
1325 1105 1495 1149 sepelire.
1521 1104 1624 1139 Unde
1650 1105 1741 1142 Am-

970 1153 1140 1187 brosius:
1176 1152 1305 1187 «Cum
1338 1152 1554 1197 religiosum
1586 1151 1741 1188 humani

969 1199 1134 1243 eorporis
1154 1197 1358 1243 sepeliendi
1380 1200 1637 1243 acceperimus
1656 1198 1738 1234 offi-

969 1246 1081 1288 cium,
1119 1245 1305 1291 quomodo
1334 1245 1392 1279 hic
1421 1246 1565 1289 paterni
1591 1255 1741 1292 quoque

968 1291 1110 1327 funeris
1127 1293 1318 1337 sepultura
1340 1292 1557 1335 prohibetur
1575 1292 1590 1327 i>
1606 1292 1682 1328 Nisi
1702 1296 1743 1328 ut

966 1339 1156 1384 intelligas
1195 1340 1357 1373 humana
1394 1339 1648 1382 posthabenda
1683 1338 1739 1375 di-

967 1385 1061 1420 vinis
1078 1397 1086 1429 ;
1110 1387 1247 1421 bonum
1264 1385 1440 1427 studium,
1460 1386 1522 1420 sed
1542 1387 1661 1431 maJus
1675 1386 1742 1423 im-

968 1433 1223 1477 pedimentum
1243 1442 1251 1467 :
1275 1442 1359 1467 narn
1387 1432 1449 1476 qui
1477 1434 1636 1476 partitur
1661 1437 1739 1469 stu-

967 1479 1083 1523 dium,
1119 1478 1255 1513 dirivat
1285 1478 1474 1520 affectum,
1509 1480 1572 1525 qui
1611 1478 1741 1516 dividit

966 1536 1110 1568 curam,
1132 1525 1256 1559 differt
1277 1524 1506 1569 profectum;
1527 1536 1615 1572 ergo
1637 1527 1740 1572 prius

966 1578 1052 1606 sunt
1068 1572 1239 1607 habenda
1253 1582 1336 1617 quae
1356 1573 1527 1606 maxima.
1547 1573 1739 1615 Quomodo

966 1629 1055 1663 ergo
1094 1618 1231 1653 mortui
1266 1619 1424 1663 sepelire
1452 1624 1620 1654 mortuos
1644 1629 1742 1665 ⁴pos·

965 1670 1063 1709 sunt,
1078 1665 1148 1701 nisi
1167 1665 1354 1711 geminam
1370 1665 1626 1712 hicintelligas
1643 1676 1742 1703 mor·
1788 1707 1793 1711 ,

966 1716 1041 1747 tem
1077 1723 1085 1747 ε
1123 1722 1234 1747 unam
1278 1718 1435 1755 naturae,
1475 1713 1633 1749 alteram
1662 1713 1739 1749 cul-

968 1758 1049 1804 pae'?
1076 1760 1136 1793 Est
1169 1759 1280 1794 etiam
1317 1769 1415 1794 mors
1445 1760 1569 1802 tertia,
1598 1760 1637 1795 in
1668 1770 1741 1806 qua

968 1810 1119 1850 peccato
1141 1806 1338 1850 morimur,
1357 1806 1433 1841 Deo
1453 1806 1610 1842 vivimus
1627 1817 1637 1851 ;
1663 1816 1742 1843 non

966 1863 1055 1897 ergo
1090 1852 1236 1897 paterni
1271 1853 1410 1887 funeris
1440 1853 1631 1897 sepultura
1652 1863 1740 1898 pro-

966 1899 1128 1939 hibetur,
1170 1899 1235 1934 sed
1280 1898 1548 1934 necessitudini
1591 1900 1739 1945 generis

966 1946 1103 1981 divinae
1135 1944 1326 1991 religionis
1362 1946 1477 1990 pietas
1514 1946 1736 1984 antefertur.

967 1992 1057 2027 illud
1103 1992 1335 2026 consortibus
1380 1992 1621 2037 relinquitur,
1667 1994 1738 2029 hoc

965 2039 1166 2073 mandatur
1187 2037 1328 2075 electis.
1355 2051 1373 2071 »
1399 2040 1501 2073 Unde
1528 2045 1565 2074 et
1587 2040 1737 2085 chryso-

965 2089 1128 2121 stomus:
1166 2097 1183 2118 «
1206 2086 1476 2120 Inconveniens
1509 2087 1610 2121 enim
1641 2090 1736 2132 erat,

967 2136 1005 2167 ut
1038 2132 1101 2177 qui
1136 2131 1251 2167 semel
1279 2131 1372 2166 Filio
1407 2132 1471 2167 Dei
1494 2133 1664 2177 credens,
1686 2133 1736 2168 vi-

964 2189 1050 2213 vum
1073 2183 1109 2214 et
1135 2179 1322 2214 coelestem
1349 2179 1466 2214 Deum
1501 2182 1644 2223 patrem
1668 2180 1737 2216 ha-

965 2225 1052 2260 bere
1076 2226 1156 2270 Jam
1187 2229 1363 2270 coeperat,
1390 2226 1434 2260 de
1461 2230 1565 2270 patre
1588 2230 1736 2263 mortuo

964 2272 1172 2317 cogitaret3
1204 2275 1241 2307 et
1263 2272 1346 2307 ideo
1373 2273 1551 2307 Dominus
1577 2273 1738 2309 ostendit

966 2320 1238 2363 praeferendam
1274 2328 1354 2354 esse
1385 2318 1498 2354 fidem
1538 2323 1574 2354 et
1606 2320 1737 2366 cogni-

964 2367 1104 2401 tionem
1130 2366 1265 2401 Christi
1295 2365 1553 2412 hujuscemodi
1589 2366 1738 2411 pietatis

964 2411 1110 2457 otficiis,
1145 2417 1297 2457 propter
1333 2422 1443 2457 quem
1473 2413 1638 2448 viventes
1668 2423 1736 2459 pa-

964 2460 1272 2504 rentesjubemur
1282 2459 1510 2504 relinquere.
1527 2460 1633 2495 Jesus
1649 2470 1738 2506 ergo

965 2505 1158 2550 prohibuit
1185 2516 1270 2541 eum
1299 2515 1376 2541 non
1402 2506 1538 2551 ¹jubens
1568 2510 1736 2542 contem-

963 2562 1054 2587 nere
1091 2552 1286 2596 honorem,
1318 2553 1382 2597 qui
1415 2555 1470 2588 est
1500 2553 1546 2588 ad
1578 2563 1640 2589 eos
1673 2553 1736 2599 qui

963 2601 1257 2644 progenuerunt,
1295 2599 1360 2634 sed
1397 2602 1612 2635 monstrans
1645 2609 1734 2645 quo-

962 2645 1064 2680 niam
1084 2644 1177 2681 nihil
1196 2644 1406 2681 coelestibus
1433 2645 1592 2691 negotiis
1615 2646 1734 2692 magis

961 2693 1069 2728 nobis
1101 2693 1352 2728 necessarium
1375 2702 1454 2728 esse
1485 2694 1661 2738 oportet3
1695 2696 1733 2728 et

963 2740 1140 2783 quoniam
1176 2749 1260 2775 cum
1285 2738 1434 2774 fastidio
1472 2738 1731 2776 universorum

962 2786 1020 2822 his
1055 2786 1165 2832 Jungi
1194 2788 1355 2832 oportet,
1389 2789 1426 2821 et
1453 2796 1577 2833 neque
1597 2795 1730 2833 parum
