1894 3186
123 175 161 209 88
620 176 763 210 PRIMAE
800 178 956 212 PARTIS
994 179 1127 212 CAPUT
1162 178 1256 214 Ltvll

124 246 196 287 rat,
232 253 301 279 nee
336 246 461 279 tamen
502 245 665 281 converti
710 246 898 282 volebant.

128 292 227 326 Tunc
253 289 367 334 enim,
390 290 532 327 seilicet
556 296 753 338 postquam
780 293 900 329 inere-

125 337 229 384 pavit
247 338 399 373 Judaeos
427 337 466 373 in
494 340 697 384 communi,
741 344 776 376 et
810 340 903 376 vidit

126 395 192 420 eos
220 384 443 429 obstinatos,
472 389 576 432 coepit
602 386 640 422 in
667 387 817 433 speciali
839 399 902 423 em-

124 432 313 477 probrare,
349 432 384 466 id
423 436 479 468 est
514 434 561 469 ad
592 435 742 470 modum
772 445 902 481 expro-

124 478 273 514 brantis
297 478 395 514 mala
411 480 538 516 futura
553 482 759 527 praedicere
779 485 905 517 civita-

126 526 237 567 tibus,
261 528 299 561 in
321 528 453 571 quibvs
478 530 587 570 faetae
618 532 702 564 sunt
737 530 906 573 plurimae

125 575 278 608 virtutes
298 574 388 618 ejus.
411 578 452 609 ut
476 575 607 610 saltem
637 586 792 621 operum
822 587 904 611 ma-

125 620 314 665 gnitudini
352 625 388 656 et
426 621 653 657 multitudini
695 623 904 666 crederent,

127 669 299 712 quianon
328 670 482 711 eyissent
504 671 767 714 poenitentiam.
792 670 905 712 Quasi

126 713 225 749 dicat
254 726 261 749 :
299 715 342 749 Et
377 715 585 751 doctrinam
617 716 831 759 audIerunt,
871 723 907 752 et

126 760 308 796 miracula
331 761 522 804 viderunt,
545 767 581 798 et
602 766 725 798 tamen
750 764 904 800 credere

125 808 340 849 noluerunt,
365 809 431 844 sed
454 810 601 855 peiores
641 810 815 853 gentibus
851 822 907 846 re-

124 859 360 890 manserunt.
377 857 583 901 Exprobrat
599 856 652 891 eis
666 857 845 892 Dominus
858 858 905 892 ad

124 902 395 937 correctionem
423 906 459 937 et
485 902 735 938 comminatur
760 903 813 938 eis
839 915 902 943 rae,

126 947 164 983 id
187 952 239 983 est
277 956 455 983 {eternam
493 950 790 992 damnationem,
813 960 906 995 prae-

124 995 283 1030 dicendo
304 1000 478 1037 ventura,
499 1006 573 1030 non
597 996 759 1041 optando
784 997 902 1040 mala3

124 1042 220 1077 sicut
265 1045 301 1076 et
339 1052 422 1076 cum
470 1041 607 1077 dicitur
630 1054 637 1078 :
685 1043 903 1079 Maledicam

124 1087 216 1131 illis,
240 1087 301 1133 qui
325 1088 550 1124 maledicent
577 1089 658 1133 tibi,
687 1090 723 1125 id
763 1095 817 1125 est
843 1090 904 1136 qui

127 1136 224 1171 male
252 1134 404 1178 sacient,
448 1135 615 1181 infligam
649 1136 702 1172 eis
738 1148 901 1183 poenam.

126 1182 340 1217 Maledictio
378 1182 477 1217 enim
511 1183 548 1218 in
581 1183 771 1229 Scriptura
799 1196 905 1220 sacra

124 1239 333 1272 numquam
360 1233 414 1264 est
442 1230 699 1275 imprecativa,
729 1232 792 1266 sed
818 1243 903 1277 pro-

123 1276 284 1322 phetica.
310 1276 376 1310 Ulii
398 1276 446 1311 ait
471 1279 740 1321 Chrysestomns
763 1291 772 1313 :
798 1294 814 1311 «
839 1281 904 1314 De-

123 1323 245 1369 plorat
280 1328 406 1358 autem
436 1323 627 1367 Dominus,
659 1325 704 1360 ad
732 1330 902 1360 nostrum

124 1371 333 1415 exemplum
371 1382 378 1405 z
417 1381 459 1405 eo
495 1372 595 1416 quod
622 1371 754 1407 ell'usio
780 1373 900 1417 lacry-

122 1427 267 1452 marum
316 1421 352 1452 et
397 1418 557 1462 gemitus
598 1429 748 1454 amarus
791 1430 903 1465 super

126 1464 313 1509 patientes
364 1463 691 1501 insensibilitatem
747 1466 900 1509 doloris,

123 1521 200 1546 non
232 1511 419 1546 ino‹li‹·um
452 1511 662 1547 antidotum
688 1516 758 1556 est,
784 1519 820 1548 et
855 1514 901 1548 ad

124 1558 393 1593 correctionem
412 1558 649 1603 patientium,
669 1564 704 1595 et
723 1561 768 1595 ad
786 1571 902 1596 reme-

127 1604 229 1640 dium
262 1604 585 1647 ingemiscentium
627 1617 738 1653 super
761 1618 825 1642 eos
850 1619 857 1642 ε
884 1621 899 1639 n

126 1651 205 1686 haee
237 1654 523 1696 cllirysmtomus.
560 1652 656 1688 Dicit
680 1665 797 1697 crgo:
826 1657 899 1693 Vae.

126 1698 267 1734 seilicet
294 1699 548 1735 damnationis
563 1704 712 1736 aeternae
732 1701 902 1736 imminet

124 1746 204 1789 tibi,
240 1748 436 1785 Coronam,
473 1757 588 1792 prope
624 1758 733 1792 quam
771 1747 899 1783 civita-

121 1795 197 1827 tem
232 1792 407 1828 ,iordanis
437 1792 649 1838 ingreditur
670 1805 772 1830 mare
800 1795 898 1831 Gali-

126 1839 220 1882 laeae,
254 1843 291 1874 et
322 1840 357 1874 in
386 1851 458 1885 qua
489 1840 679 1876 nutrietur
710 1841 899 1877 Antichri-

123 1889 219 1929 stus3
242 1897 292 1922 vae
314 1887 392 1922 tibi.
419 1888 625 1929 Bethsaida,
652 1888 697 1923 de
718 1900 791 1934 qua
812 1889 900 1924 civi-

121 1935 198 1968 tate
220 1934 367 1969 suerunt
388 1935 519 1970 Petrus
539 1940 576 1970 et
592 1935 776 1978 Andreas,
796 1938 883 1971 Jzico

121 1979 191 2016 bus
209 1984 245 2015 et
267 1982 445 2025 joannes,
472 1985 508 2016 et
528 1981 640 2017 distat
662 1993 684 2018 a
706 1983 898 2018 Corozaim

122 2031 255 2072 quarto
282 2027 429 2063 circiter
450 2028 623 2064 milliario
653 2041 660 2064 :
688 2032 776 2074 quia
802 2033 835 2064 sc*
861 2033 899 2065 in

127 2076 219 2119 Tyro
252 2079 284 2110 et
318 2076 463 2114 Sidone,
495 2086 579 2120 quae
615 2076 763 2112 luerunt
786 2078 898 2113 urbi-s

124 2121 338 2163 Gentilium,
368 2121 589 2158 idololatriae
616 2129 651 2158 et
671 2123 770 2158 vitiis
793 2124 897 2159 dedi-
931 2139 934 2149 Δ

934 2168 935 2174 ’
973 2168 1186 2216 opinionem
1207 2174 1309 2206 tuam
1339 2183 1451 2217 usqne
1477 2175 1514 2207 in
1535 2175 1658 2208 melum
1683 2185 1745 2210 θω-

125 2170 187 2212 tae,
216 2180 298 2213 quae
334 2172 480 2204 tantum
519 2170 639 2215 legem
686 2172 896 2207 naturalem

126 2215 331 2253 habehant,
373 2219 481 2258 factae
516 2221 631 2252 essent
670 2220 836 2261 virtutes,
858 2218 896 2254 id
932 2240 934 2268 2

122 2265 177 2298 est
204 2262 328 2297 divina
351 2263 521 2308 prodigia
548 2268 581 2299 et
604 2264 796 2308 miracula,
818 2277 897 2310 quae

119 2310 228 2353 factae
262 2312 346 2344 sunt
379 2312 418 2344 in
445 2311 545 2344 vobis
583 2311 821 2356 frequentem
859 2316 896 2348 et
930 2319 932 2346 ,ὲ

930 2354 931 2367 ³
969 2360 1061 2394 Nam
1091 2356 1191 2398 :Qui
1224 2370 1260 2393 se
1281 2361 1433 2403 emulcet,
1474 2362 1743 2397 humiliabitur.

119 2356 364 2402 praedicatum
400 2355 454 2392 eis
484 2356 613 2393 suisset
647 2358 740 2394 sicut
773 2360 891 2403 vobis,

119 2404 206 2438 olim
235 2405 482 2449 poenitentiam
503 2414 613 2449 quam
635 2415 701 2441 vos
732 2416 805 2441 non
836 2407 892 2442 se-

122 2449 240 2494 cistis,
266 2449 336 2495 ipsi
363 2452 528 2494 egissent,
549 2452 717 2488 dolentes
738 2453 783 2488 de
805 2464 891 2498 pee-

120 2496 260 2532 catisz'n
279 2501 394 2532 cinere
414 2508 457 2532 ex
475 2498 773 2535 consideratione
788 2511 891 2535 mor-

121 2542 183 2586 tis,
205 2548 238 2579 et
257 2545 375 2579 cilicio
404 2555 445 2579 ex
467 2545 767 2582 consideratione
802 2557 891 2592 pee-

121 2590 192 2626 cati
219 2590 437 2636 pungentis3
466 2593 639 2633 sedentes,
674 2593 724 2628 ait
760 2595 888 2638 Lucas,

115 2635 153 2672 id
176 2642 232 2673 est
253 2637 289 2672 in
312 2638 548 2674 conscientiis
571 2650 608 2674 se
630 2639 888 2684 humiliantes3

114 2684 186 2728 vel,
223 2686 261 2720 in
300 2687 427 2724 cinere,
472 2685 680 2721 humiliatio
719 2686 888 2731 interior,

115 2734 152 2767 et
171 2734 210 2767 in
230 2733 347 2767 cilicio
372 2732 532 2767 exterior
552 2732 779 2779 designatur.
804 2735 890 2769 Haee

112 2777 232 2824 addit,
265 2778 352 2825 quia
376 2777 582 2825 antiquitus
615 2783 696 2816 erat
722 2791 803 2816 mos
835 2781 888 2817 sie

974 257 1086 292 agere
1103 246 1373 291 poenitentiam.
1398 251 1651 286 Verumtamen
1669 251 1747 287 dico

975 294 1075 328 vobis
1107 293 1277 330 Judaeis:
1318 298 1409 340 Tyro
1440 300 1472 331 et
1498 298 1640 341 Sidoni,
1661 297 1748 334 lieet

976 351 1051 375 non
1075 344 1160 376 sunt
1179 342 1362 387 conversi,
1389 346 1575 379 remissius
1607 346 1674 380 erit
1707 346 1747 380 in

978 387 1037 422 die
1070 387 1207 431 judieii
1227 400 1336 433 quam
1358 391 1477 429 vobis:
1513 391 1600 436 quia
1624 391 1747 428 minus

977 435 1179 481 punientur
1200 445 1311 480 quam
1327 447 1392 472 vos
1410 438 1527 473 Judaei
1551 438 1746 475 obstinati.

977 491 1065 516 nam
1083 480 1206 516 minus
1226 488 1469 527 peccaverunt
1494 484 1558 519 illi.
1583 485 1749 521 Gentiles

979 528 1078 564 enim
1107 539 1226 573 neque
1248 530 1381 575 Legem
1401 531 1576 576 scriptam
1596 543 1749 578 recepe·

978 579 1080 619 runt,
1102 586 1223 620 neque
1243 577 1749 624 praedicatoreshabuerunt,

979 633 1099 668 neque
1139 621 1318 659 miracula
1338 623 1530 668 viderunt3
1560 626 1625 661 sed
1664 630 1748 662 tan-

979 675 1057 705 tum
1079 669 1199 714 legem
1230 674 1371 706 naturae
1397 672 1620 716 transgressi
1644 675 1749 716 sunt;

978 715 1098 752 Judaei
1127 727 1214 751 vero
1251 718 1458 754 doctrinam
1480 718 1679 755 audierunt
1718 722 1754 755 et

980 763 1161 798 miracula
1182 763 1367 808 viderunt,
1390 770 1423 800 et
1445 771 1527 810 post
1548 771 1755 811 transgres-

980 810 1122 845 sionem
1163 810 1255 855 legis
1288 812 1470 847 naturalis
1514 817 1549 848 et
1588 814 1752 859 seriptae,

979 856 1092 891 etiam
1115 856 1235 901 legem
1269 858 1412 903 grathe,
1436 863 1472 894 et
1504 860 1610 905 signa
1635 860 1756 906 parvi-

979 903 1189 947 penderunt
1207 915 1214 938 :
1232 907 1267 938 et
1285 904 1368 940 ideo
1387 911 1539 951 propter
1560 907 1756 951 ingratitu-

979 949 1104 984 dinem
1126 950 1342 995 punientur,
1368 952 1427 987 isti
1446 954 1625 997 severius,
1645 958 1681 989 et
1701 953 1755 989 illi

979 996 1198 1040 remissius,
1237 997 1324 1042 quia
1360 1000 1510 1044 gravius
1549 1003 1604 1036 est
1642 1001 1757 1036 fidem

979 1042 1145 1078 auditam
1188 1045 1383 1089 repellere,
1425 1057 1536 1091 quam
1583 1047 1676 1083 mori
1716 1047 1756 1083 iu

979 1089 1206 1125 Gentilitate.
1224 1092 1266 1125 Et
1286 1095 1341 1126 est
1357 1098 1635 1137 argumentum,
1656 1094 1756 1140 quod

979 1136 1111 1171 ceteris
1132 1136 1298 1181 paribus,
1318 1139 1438 1183 maJor
1458 1139 1756 1177 Christianorum

978 1183 1048 1218 erit
1086 1193 1210 1227 poena,
1238 1195 1349 1228 quam
1381 1196 1485 1230 poensi
1526 1185 1752 1231 infidelium3

979 1229 1347 1275 rlericorun1,qua1n
1378 1232 1576 1276 laicorum3
1605 1234 1756 1280 sapien-

978 1276 1085 1318 tium,
1103 1287 1212 1321 quain
1229 1278 1473 1323 simplicium3
1496 1281 1753 1326 prselatorum,

978 1334 1090 1368 quam
1107 1323 1353 1360 subditorum.
1370 1327 1459 1361 Nam
1479 1327 1656 1371 scriptum
1673 1332 1752 1365 est:

978 1372 1043 1406 Cui
1061 1373 1213 1405 multum
1227 1372 1397 1407 donatum
1416 1377 1479 1413 est,
1497 1376 1650 1409 multum
1662 1386 1755 1420 quae-

975 1422 1074 1452 retur
1094 1418 1139 1452 ab
1157 1428 1218 1460 θος
1239 1422 1275 1453 et
1295 1431 1301 1454 :
1322 1422 1485 1455 Potentes
1502 1425 1662 1465 potenter
1680 1426 1752 1458 tor-

976 1468 1095 1499 menta
1124 1467 1334 1509 patientum
1375 1471 1409 1502 et
1433 1479 1440 1502 :
1480 1470 1611 1504 Servus
1638 1471 1754 1505 sciens

976 1513 1197 1546 volzmtatem
1238 1515 1383 1548 Domini
1430 1518 1462 1549 et
1505 1527 1574 1550 non
1613 1518 1752 1559 faciens

974 1559 1098 1603 plagis
1118 1561 1308 1603 vapulabit
1330 1562 1465 1596 maltis.
1491 1562 1629 1598 Deinde
1650 1574 1754 1609 sepa-

978 1606 1087 1640 ratim
1101 1607 1297 1650 exprobrat
1320 1608 1457 1643 civitati
1475 1610 1749 1655 Captiarnaum‚

978 1652 1064 1697 quia
1099 1652 1302 1689 districtius
1334 1655 1415 1690 aliis
1450 1656 1668 1701 judicanda,
1708 1668 1751 1693 eo

978 1699 1078 1744 quod
1099 1700 1194 1735 bona
1215 1712 1236 1736 a
1263 1702 1421 1737 Domino
1449 1708 1642 1748 arc-eperat
1669 1715 1749 1740 ere-

978 1746 1125 1789 briora3
1155 1746 1257 1790 item,
1280 1751 1367 1793 quia
1396 1750 1487 1784 duas
1517 1751 1608 1785 alins
1638 1762 1748 1796 argu-

976 1798 1070 1835 erat,
1094 1794 1139 1827 de
1161 1794 1361 1831 omissione
1388 1796 1593 1842 poenitendi
1621 1801 1657 1833 et
1683 1809 1747 1834 ne-

976 1840 1169 1885 gligentia,
1189 1842 1283 1876 lianc
1305 1854 1391 1878 vero
1412 1844 1456 1878 de
1476 1848 1691 1889 contemptu
1712 1849 1749 1881 et

977 1886 1168 1932 superbia.
1198 1889 1299 1924 Unde
1326 1893 1362 1925 et
1393 1890 1476 1925 aliis
1502 1892 1748 1928 comminatus

976 1941 1030 1970 est
1051 1944 1199 1979 poenam
1223 1935 1259 1970 in
1281 1947 1431 1981 genere,
1451 1949 1533 1973 cum
1553 1939 1604 1974 ait
1630 1950 1637 1973 :
1665 1941 1747 1982 Vae3

975 1983 1060 2017 llulC
1081 1987 1205 2016 autem
1232 1982 1268 2017 in
1299 1995 1434 2029 specie,
1459 1986 1557 2029 quod
1594 1989 1749 2031 apparet

975 2030 1056 2074 plus
1077 2039 1170 2063 esse.
1195 2029 1290 2065 Dicit
1310 2042 1398 2076 ergo
1422 2043 1429 2066 :
1450 2034 1495 2067 Et
1518 2036 1568 2072 tu.
1590 2035 1748 2077 chiphar-

975 2086 1097 2115 nuum,
1126 2078 1312 2121 ponendo„
1337 2083 1375 2113 ut
1400 2090 1524 2124 supra,
1547 2080 1747 2116 continens

975 2134 1040 2169 pro
1081 2127 1277 2167 eontento3
1326 2127 1504 2170 numquid
1539 2127 1746 2163 secundum

973 2218 1172 2252 attaberis?
1200 2218 1311 2260 Quasi
1337 2219 1476 2255 diceret
1501 2233 1510 2254 .-
1539 2221 1640 2263 N0n3
1670 2220 1745 2257 imo

972 2269 1125 2313 propter
1148 2269 1340 2308 peecatum
1359 2266 1542 2311 superbiae
1563 2270 1599 2302 et
1618 2267 1744 2312 ingra-

971 2311 1153 2352 titudinis,
1172 2321 1283 2356 usqne
1299 2315 1336 2347 in
1350 2315 1532 2356 infernum
1542 2315 1742 2351 descendes.

969 2405 1235 2442 Subditautem
1252 2417 1259 2440 :
1277 2408 1383 2449 Quia,
1397 2410 1429 2442 si
1442 2410 1477 2442 in
1489 2409 1666 2449 Sodomis,
1681 2407 1743 2454 qui

967 2456 1092 2488 tamen
1119 2450 1265 2487 suerunt
1292 2454 1463 2490 homines
1490 2455 1654 2500 pessimi,
1681 2457 1741 2498 fa-

967 2504 1030 2535 ctae
1044 2502 1200 2543 fuissent
1216 2502 1382 2545 virtutes,
1399 2506 1434 2536 et
1451 2502 1557 2547 signa
1574 2513 1652 2547 quae
1666 2502 1741 2538 fre-

966 2551 1125 2593 quenter
1136 2548 1244 2588 faetae
1262 2553 1345 2582 sunt
1360 2551 1397 2583 in
1416 2552 1460 2589 te,
1480 2550 1741 2592 fortemansis-

965 2599 1043 2630 sent
1057 2596 1219 2639 usquein
1235 2596 1326 2629 hanc
1341 2596 1448 2634 diem.
1467 2595 1553 2640 quia
1568 2595 1742 2631 fecissent

967 2641 1241 2687 poenitentiam,
1275 2645 1314 2676 ut
1353 2641 1523 2677 Ninivitae
1558 2642 1740 2688 fecerunt,

967 2692 1011 2724 ait
1033 2690 1137 2724 Jonae
1160 2687 1478 2734 praedicationem.
1503 2688 1596 2724 Dicit
1616 2692 1742 2725 autem

965 2738 1071 2779 forte,
1093 2747 1169 2771 non
1191 2736 1238 2770 ad
1277 2735 1533 2771 denotandum
1568 2735 1742 2772 dubitati-

966 2793 1076 2818 onem
1113 2793 1155 2818 ex
1176 2786 1282 2828 parte
1303 2793 1383 2827 sua,
1411 2783 1477 2818 sed
1495 2783 1542 2818 ad
1562 2783 1739 2819 denotan-
