1894 3186
474 165 525 197 DE
564 163 712 197 MANCO
751 164 900 198 MANUM
936 162 1109 197 ARIDAM
1147 164 1363 201 HABENTE.
1687 168 1748 203 207

99 236 283 283 ipsorum,
311 231 472 269 forsitan
498 231 588 277 quia
615 242 748 268 omnes
777 232 883 278 digni

101 284 254 320 fuerunt
288 280 498 318 curatione.
529 279 636 315 Docti
664 291 769 325 ergo,
794 281 884 316 visis

100 325 569 377 signis‚*persequuntur;
610 326 767 372 indocti,
803 328 883 374 opi*

100 378 215 414 nione
236 378 317 423 eJ'us
335 374 450 418 ducti,
471 374 634 410 amando
657 379 882 420 sequuntur,

96 429 135 462 et
154 425 240 462 ideo
261 422 386 460 curari
406 424 614 457 merentur.
641 423 746 457 Unde
762 425 883 458 Remi-

96 475 184 518 92·ch
223 485 232 507 :
283 485 297 504 <‹
342 471 460 513 Quem
494 468 676 505 Pharisaei
714 470 883 506 unanimi

94 519 252 556 consilio
285 518 443 564 perdere
471 520 658 561 quaerunt,
682 518 793 553 turba
825 519 883 553 in-

95 567 208 603 docta
245 564 417 601 unanimi
457 563 658 600 dilectione
698 564 882 610 sequitur,

95 614 197 650 unde
220 623 304 648 mox
333 612 390 648 sui
426 611 605 647 desiderii
637 612 884 657 consequitur

93 661 284 697 effectum.
307 660 342 697 Si
365 659 420 696 vis
453 663 490 695 et
509 662 550 695 tu
574 659 714 702 curari,
758 660 788 695 si
827 660 882 696 vis

92 708 236 753 sanari,
261 707 291 743 si
316 707 370 743 vis
391 718 414 743 a
442 706 575 743 mortis
594 706 764 753 periculo
787 707 881 744 libe-

93 755 187 799 rari,
211 766 370 801 sequere
404 758 442 791 et
464 754 614 790 imitare
635 756 777 799 Jesum,
802 755 882 801 ipse

92 802 197 840 enim
231 802 421 839 neminem
460 802 633 848 repellit3
667 806 705 838 et
731 814 878 849 omnes,

90 849 157 897 qui
171 861 257 886 eum
274 852 498 896 sequuntur,
514 852 634 885 sanat.
652 863 670 881 »
692 851 763 885 Per
781 851 878 886 Pha-

91 898 239 942 risaeos‚
263 897 326 944 qui
348 898 462 933 divisi
478 896 791 943 interpretantur,
807 898 881 934 dis-

91 945 180 990 coli,
198 945 262 991 qui
284 944 541 981 dissensiones
561 944 878 990 faciunt,signan-

90 995 174 1036 tur;
210 1003 279 1039 per
315 991 550 1028 Herodianos
584 1003 673 1028 vero
711 992 877 1038 superbi,

90 1039 154 1085 qui
169 1041 322 1084 qlorz'osi
340 1042 379 1075 in
393 1040 551 1085 pellibus
563 1038 873 1085 interpretantur.

92 1087 159 1123 Isti
198 1098 287 1123 vero
323 1086 523 1131 consilium
562 1086 703 1122 faciunt
744 1090 878 1123 contra

87 1136 235 1177 Jesum,
260 1134 322 1179 qui
346 1145 430 1170 cum
452 1132 659 1170 humilibus
681 1136 717 1169 et
740 1134 876 1170 carita-

89 1184 168 1218 tem
187 1181 412 1217 habentibus
437 1183 693 1216 commoratur
708 1192 716 1224 3
734 1184 770 1216 et
790 1181 876 1217 ideo

87 1229 234 1265 recedit
255 1229 302 1264 ab
324 1228 400 1264 illis
423 1238 463 1264 se
489 1228 717 1273 elongando,
741 1231 777 1264 et
806 1229 876 1263 hu-

87 1275 245 1312 milibus
272 1286 357 1311 eum
395 1274 640 1320 sequentibus
672 1274 875 1316 benefacit,

86 1322 273 1360 beneficia
290 1322 421 1358 salutis
436 1322 701 1368 impendendo.
718 1325 766 1358 Ec
782 1334 876 1369 prze-

88 1373 184 1417 cepit
210 1372 275 1414 eis,
304 1370 367 1416 qui
396 1369 515 1406 curati
543 1370 707 1414 fuerant,
728 1381 772 1405 ne
797 1381 877 1405 eum

89 1418 344 1463 divulgarent,
370 1420 407 1453 et
432 1418 671 1461 manifestum
696 1419 876 1462 facerent,

88 1468 131 1502 ut
147 1465 299 1501 inanem
321 1465 481 1510 gloriam
497 1467 534 1500 et
553 1464 744 1510 gloriandi
765 1465 812 1500 de
839 1475 879 1500 se

85 1512 312 1560 ¹iactantiam
355 1512 576 1556 declinaret,
614 1514 651 1547 et
687 1514 729 1547 ut
767 1511 878 1547 nobis

89 1560 303 1604 exemplum
339 1558 486 1595 vitandi
509 1569 595 1594 eam
635 1558 756 1594 daret.
795 1560 875 1594 Non

85 1606 283 1654 prohibuit
304 1606 485 1643 Dominus
504 1605 773 1642 miraculorum
783 1616 878 1651 prae-

87 1654 310 1698 dicationes,
336 1653 383 1689 ad
404 1653 605 1689 utilitatem
626 1653 874 1699 audientium,

86 1702 155 1739 Sed
179 1701 219 1737 in
240 1700 437 1737 beneficiis
463 1711 571 1737 vanae
598 1700 729 1747 gloriae
756 1711 877 1747 appe-

85 1748 211 1786 titum.
240 1748 345 1784 Unde
373 1749 590 1784 Ambrosius
613 1759 622 1783 :
655 1762 674 1780 «
701 1747 768 1783 Hic
794 1759 874 1794 my-

83 1796 179 1834 stice
198 1795 375 1832 instruxit
397 1806 480 1840 nos,
500 1806 562 1839 ne,
590 1805 674 1831 cum
695 1805 875 1841 magnum

82 1843 230 1890 aliquid
251 1843 422 1888 facimus,
445 1842 597 1878 laudem
615 1842 707 1878 foris
726 1853 874 1889 quaera-

86 1902 187 1928 mus.
211 1904 229 1925 »
252 1891 359 1927 Unde
377 1893 414 1926 et
432 1891 707 1934 chrysostomus
725 1903 736 1926 .·
757 1905 775 1923 «
804 1890 874 1926 Ubi

87 1938 242 1985 quidem
290 1940 444 1984 propter
482 1937 577 1973 alios
628 1937 691 1973 alii
739 1948 873 1973 curan-

85 1988 162 2030 tur,
194 1995 272 2021 non
294 1983 475 2031 praecepit
495 1983 563 2028 eis,
584 1987 626 2020 ut
645 1983 788 2020 nemini
818 1984 873 2020 di-

88 2037 231 2077 cerent,
271 2032 383 2077 quale
420 2035 478 2068 est
513 2030 579 2068 ubi
616 2031 745 2067 oculos
785 2031 875 2068 caeci

86 2079 172 2117 nati
191 2079 354 2126 aperuit,
382 2081 419 2115 et
441 2078 691 2125 paralyticum
720 2078 875 2124 triginta

85 2130 175 2164 octo
217 2130 253 2163 et
286 2127 394 2162 annis
420 2126 612 2172 Jacentem
644 2125 774 2162 erexit.
806 2126 875 2163 Ubi

86 2177 217 2212 autem
250 2185 324 2210 non
356 2178 512 2220 propter
544 2173 653 2218 alios,
682 2173 747 2209 sed
785 2184 875 2219 pro-

85 2224 172 2270 pter
192 2221 371 2258 meritum
393 2219 513 2267 ipsius
536 2224 643 2256 curat
665 2220 874 2265 hominem,

114 2267 260 2315 raeeipit
282 2268 330 2313 ei,
352 2271 395 2304 ut
413 2267 556 2305 nemini
581 2268 694 2313 dicat,
718 2267 812 2304 sicut
839 2272 877 2304 et

84 2280 239 2363 Peproso
276 2315 483 2352 mandavit.
516 2315 603 2351 Ideo
641 2319 679 2352 et
714 2315 796 2351 istis
828 2316 876 2352 ab

82 2362 168 2410 ipso
206 2364 347 2399 sanatis
377 2362 570 2410 praecepit,
595 2373 642 2399 ne
675 2363 876 2408 vulgarent

82 2420 189 2456 eum,
206 2409 296 2457 quia
313 2412 468 2456 propter
485 2409 588 2456 ipsos
604 2410 704 2446 solos
724 2421 876 2446 curave-

85 2460 148 2494 rat
159 2468 245 2494 eos:
274 2457 362 2504 quia
385 2468 464 2493 non
493 2456 784 2494 aestimationem
810 2458 875 2494 ho-

86 2505 234 2541 minum
259 2504 452 2541 miraculis
471 2505 694 2550 venabatur,
714 2505 781 2541 sed
798 2515 875 2541 cre-

84 2551 263 2588 dentium
284 2551 527 2591 desiderabat
537 2552 699 2590 salutem
721 2565 731 2588 .·
758 2565 775 2586 »
791 2552 875 2589 haec

88 2599 383 2644 chrysostomus.

138 2662 158 2693 7
176 2648 323 2684 FERvon
354 2659 478 2684 TURBAE
497 2659 542 2685 AD
563 2659 772 2684 AUDIENDUM
802 2648 872 2683 Dm

88 2703 247 2730 VERBUM.
288 2716 335 2720 —
364 2697 414 2731 Et
450 2697 602 2731 veniunt
636 2696 686 2730 ad
725 2696 872 2730 domum

85 2741 297 2786 *quamdam
316 2741 364 2779 ad
380 2742 667 2789 hospitandum,
691 2745 724 2777 et
743 2753 871 2795 00110οῖ

86 2788 150 2824 >nit
166 2789 300 2826 iterum
329 2790 452 2835 turba,
474 2790 522 2828 ad
544 2789 777 2831 audIendum
803 2790 870 2826 De1

959 233 1117 268 verbum
1135 244 1143 277 ;
1166 236 1203 269 et
1224 238 1312 270 tunc
1332 235 1385 272 ita
1406 236 1597 273 ferventer
1620 238 1743 275 inten-

959 280 1100 316 debant
1121 281 1395 327 prcedicationi,
1420 285 1519 329 quod
1541 284 1610 331 ipsi
1632 285 1742 322 disei-

959 327 1036 373 puli
1067 328 1148 374 ejus
1179 340 1255 364 non
1287 331 1475 367 habebant
1496 336 1645 378 tempus
1671 344 1740 380 pa-

958 386 1046 410 nem
1066 376 1334 413 manducandi.
1365 380 1441 414 Hoc
1463 384 1518 415 est
1542 386 1674 417 contra
1695 381 1740 417 il-

959 422 1015 458 los
1036 422 1099 468 qui
1122 423 1315 459 dimittunt
1331 436 1424 471 opus
1442 427 1738 473 prfedicationis,

958 474 1114 516 proptor
1140 482 1267 507 curam
1290 475 1327 507 et
1349 473 1584 509 saturitatem
1606 487 1739 512 come-

960 516 1106 553 stionis.
1132 518 1199 554 Ubi
1235 520 1333 554 Beda
1363 531 1370 555 :
1403 535 1420 552 «
1454 521 1481 556 O
1519 534 1630 567 quam
1653 523 1740 558 felix

958 565 1157 611 occupatio
1193 566 1399 602 Salvatoris
1417 594 1426 612 ,
1468 578 1580 613 quam
1628 571 1740 607 beata

958 612 1173 658 frequentia
1214 615 1336 650 turbae
1390 616 1633 661 confluentis,
1681 617 1739 654 cui

958 663 1106 696 tantum
1127 660 1240 697 studii
1265 662 1313 697 ad
1330 661 1560 699 audiendum
1582 666 1739 701 verbum

958 707 1038 751 Dei,
1058 711 1205 744 tantum
1223 708 1294 745 fuit
1309 720 1408 746 curae
1423 710 1471 746 ad
1492 711 1739 748 obtinendam

957 755 1132 800 salutem,
1153 759 1194 792 ut
1230 756 1385 793 Auctori
1415 758 1546 794 salutis
1578 770 1662 795 cum
1682 760 1740 796 his

957 802 1020 848 qui
1043 813 1169 839 secum
1194 807 1303 840 erant
1325 815 1374 840 ne
1391 806 1567 841 vescendi
1587 806 1741 852 quidem

956 850 1064 894 hora,
1087 861 1109 886 a
1130 850 1264 887 solatio
1294 851 1382 888 vitae
1416 852 1566 889 miseris
1594 854 1739 900 impen-

956 898 1097 942 dendo,
1133 898 1254 934 libera
1287 900 1480 936 maneret!
1517 902 1681 945 Utinam,
1717 912 1738 938 0

957 944 1117 981 Domine
1150 947 1252 989 Jesu,
1278 946 1372 982 etin
1403 948 1521 983 nostri
1556 949 1738 993 tempori·

956 992 1026 1027 bus
1050 992 1133 1037 aevi,
1151 996 1298 1029 tantum
1314 994 1447 1039 gratiae
1467 994 1541 1030 tuis
1561 996 1739 1032 fidelibus

954 1038 1143 1084 largiaris,
1170 1050 1252 1085 quae
1276 1041 1452 1078 doctores
1473 1053 1560 1078 suos
1579 1043 1740 1079 assidui-

953 1090 1030 1121 tate
1057 1086 1227 1122 discendi
1256 1098 1334 1123 non
1361 1089 1485 1124 solum
1517 1090 1564 1125 ab
1599 1090 1741 1136 appeti-

952 1136 993 1168 tu
1005 1134 1214 1169 carnalium
1227 1135 1478 1180 voluptatum,
1491 1137 1741 1174 verumetiam

954 1191 1241 1226 nonnumquam
1272 1183 1318 1218 ab
1346 1181 1428 1228 ipsa
1454 1193 1603 1229 quoque
1630 1184 1738 1230 panis

952 1227 1163 1272 quotidiani
1190 1229 1433 1274 perceptione
1460 1231 1686 1276 praepediatl
1718 1245 1736 1264 ³>

953 1276 1033 1310 haec
1051 1276 1162 1310 Beda.
1181 1276 1315 1312 Subdit
1333 1279 1459 1312 autem
1481 1289 1488 1313 :
1511 1280 1558 1313 Et
1571 1289 1651 1313 omn
1665 1281 1737 1321 sui,

952 1321 1095 1357 scilicet
1111 1322 1247 1367 Judaei,
1267 1322 1331 1369 qui
1352 1334 1395 1359 ex
1413 1327 1520 1370 parte
1542 1325 1672 1361 Matris
1692 1326 1740 1363 de

952 1369 1178 1414 cognatione
1206 1381 1274 1406 sua
1294 1374 1417 1415 erant,
1440 1371 1612 1408 viderent
1634 1373 1737 1410 inso-

952 1416 1060 1452 litum
1095 1418 1283 1453 fervorem
1315 1417 1355 1453 in
1381 1429 1441 1462 00,
1469 1422 1506 1454 et
1547 1421 1737 1457 audissent

952 1463 1192 1500 altitudinem
1220 1464 1359 1501 divinae
1389 1465 1598 1511 sapientiae,
1622 1478 1737 1513 quam

953 1521 1088 1556 capere
1103 1522 1179 1546 non
1192 1511 1384 1556 valebant,
1395 1513 1637 1550 aestimabant
1650 1525 1738 1551 eum

953 1562 1079 1593 mente
1097 1557 1317 1603 alienatum,
1348 1563 1384 1595 et
1405 1559 1444 1595 in
1463 1560 1630 1596 furorem
1651 1573 1737 1598 ver-

953 1615 1036 1640 sum
1052 1616 1165 1641 sensu
1182 1605 1329 1651 perdito
1352 1606 1456 1652 loqui
1476 1619 1484 1651 ;
1507 1611 1543 1643 et
1563 1611 1735 1646 eoez'erunt

953 1656 1070 1688 tenere
1090 1663 1183 1698 eum,
1199 1656 1237 1689 et
1257 1653 1391 1699 ligare,
1408 1665 1457 1690 ne
1478 1654 1550 1691 sibi
1570 1656 1627 1692 vel
1650 1656 1735 1693 aliis

952 1702 1079 1745 posset
1096 1711 1247 1736 nocere.
1265 1700 1334 1737 Ubi
1347 1700 1449 1737 idem
1464 1703 1561 1738 Beda
1578 1714 1585 1738 :
1602 1716 1620 1738 ‹<
1638 1705 1737 1741 Vere

951 1747 1051 1784 sicut
1067 1746 1149 1793 ipse
1166 1747 1256 1783 dicit
1274 1747 1364 1784 alibi
1386 1760 1394 1784 z
1409 1751 1491 1787 Non
1509 1754 1561 1785 est
1573 1752 1734 1797 Prophe-

951 1797 990 1830 ta
1015 1797 1093 1830 sine
1112 1796 1258 1838 honore,
1279 1796 1357 1830 m‘sz'
1382 1797 1421 1831 z’n
1444 1799 1572 1841 patria
1592 1809 1672 1843 sua,
1702 1802 1737 1835 et

951 1843 990 1877 in
1005 1843 1108 1878 domo
1123 1852 1204 1879 sua.
1225 1843 1343 1885 Quem
1358 1842 1461 1879 enim
1477 1845 1607 1890 exteri,
1626 1845 1734 1892 quasi

948 1890 1153 1926 Auctorem
1188 1889 1290 1935 vitae,
1321 1893 1358 1926 et
1396 1890 1622 1937 sapientiam
1652 1893 1734 1939 Dei,

949 1937 1054 1973 adire
1069 1941 1106 1973 et
1126 1936 1258 1973 audire
1279 1937 1516 1983 desiderant;
1534 1940 1635 1976 hunc
1650 1951 1734 1987 pro-

949 1983 1079 2031 pinqui
1109 1983 1241 2030 ipsius,
1264 1985 1371 2030 quasi
1396 1988 1533 2022 mentis
1552 1986 1735 2034 impotem

950 2042 1032 2068 esse
1058 2031 1253 2078 ligandum
1275 2032 1498 2070 decernunt.
1524 2034 1736 2080 Allegorice

950 2084 1089 2123 autem,
1107 2079 1144 2114 in
1158 2090 1202 2114 eo
1218 2079 1318 2125 quod
1332 2080 1443 2117 turba
1456 2081 1505 2116 ad
1520 2081 1625 2117 illum
1644 2094 1734 2119 con-

949 2125 1126 2162 veniente
1145 2126 1349 2172 frequenti,
1367 2130 1408 2163 ut
1422 2127 1602 2173 furiosus,
1615 2140 1637 2165 a
1657 2129 1735 2166 suis

951 2172 1217 2217 centemnitur,
1261 2174 1365 2210 salus
1412 2175 1646 2212 credentium
1688 2177 1735 2213 de

951 2219 1132 2256 Gentibus
1156 2222 1411 2267 approbatum
1440 2225 1477 2258 et
1502 2222 1647 2260 invidia
1666 2225 1733 2261 Ju-

950 2268 1121 2303 daeorum
1142 2270 1180 2303 et
1205 2268 1367 2314 perfidia
1386 2272 1553 2314 notatur,
1574 2271 1619 2307 de
1644 2271 1731 2317 qui—

949 2315 1019 2351 bus
1038 2314 1091 2351 ait
1109 2316 1275 2351 Joannes
1292 2327 1302 2351 t
1324 2318 1367 2352 In
1381 2319 1538 2363 propria
1558 2320 1671 2359 venit,
1695 2323 1729 2356 et

949 2364 1008 2397 sui
1028 2373 1108 2397 eum
1127 2373 1199 2398 non
1212 2367 1423 2409 receperunt
1437 2377 1450 2401 .·
1473 2377 1491 2399 »
1513 2365 1703 2402 haeeBeda
1721 2379 1732 2402 .·

950 2408 1132 2446 Similiter
1149 2413 1187 2445 et
1203 2410 1332 2456 hodie,
1348 2410 1412 2457 qui
1430 2412 1477 2448 ad
1495 2413 1732 2458 sequendum

949 2456 1142 2493 Christum
1175 2461 1262 2494 sunt
1296 2458 1446 2503 fervidi,
1468 2469 1491 2495 a
1527 2460 1731 2497 mundanis

947 2503 1165 2541 hominibus
1182 2504 1308 2542 insani
1338 2509 1579 2552 reputantur,
1600 2510 1637 2543 et
1662 2518 1732 2554 per

949 2562 1014 2588 eos
1035 2554 1217 2597 quantum
1232 2558 1427 2599 possunta
1444 2554 1544 2590 bono
1565 2554 1730 2591 retinen-

946 2602 1022 2635 tur.
1054 2599 1082 2635 0
1104 2603 1288 2645 quantum
1309 2611 1386 2637 una
1411 2611 1487 2637 non
1508 2601 1591 2637 dico
1619 2612 1728 2637 men·

947 2656 1051 2692 sura,
1081 2647 1146 2683 sed
1175 2650 1284 2693 gutta
1316 2647 1427 2694 hujus
1459 2647 1536 2683 vini
1569 2648 1726 2694 valeret,

947 2704 1030 2740 quae
1057 2694 1155 2730 hanc
1172 2694 1357 2731 insaniam
1382 2695 1601 2731 induceret!
1632 2695 1728 2732 Feli-

932 2752 1023 2787 ·ces,
1046 2742 1108 2787 qui
1129 2741 1200 2777 hae
1223 2742 1398 2778 laborant
1418 2741 1565 2778 insania
1583 2754 1591 2786 ;
1621 2745 1662 2779 ut
1683 2743 1729 2779 de

947 2787 1022 2825 illis
1047 2788 1122 2826 dici
1143 2788 1264 2836 possit
1285 2788 1380 2827 illud
1401 2789 1601 2836 Sapientiae
1621 2802 1632 2826 .·
1654 2792 1728 2829 Nos
