1894 3186
121 167 161 203 '24
577 163 725 197 PRIMAE
762 160 920 195 PARTIS
957 160 1099 194 CAPUT
1135 161 1297 195 XLVIII.

124 236 271 279 merita,
296 244 362 280 per
395 233 630 278 patientiam,
671 234 897 278 augeantur,

124 288 166 320 ut
202 283 271 319 Job
306 281 442 317 accidit
464 291 473 324 ;
499 279 569 323 vel,
607 278 654 315 ad
693 278 898 314 custodiam

126 331 321 373 virtutum,
367 338 414 364 ne
465 326 641 372 superbia
682 328 812 366 tentet,
861 328 901 359 ut

124 378 256 421 Paulo;
283 375 354 419 vel,
377 375 424 410 ad
446 373 709 420 corrigendum
734 374 899 418 peccata,

125 429 169 461 ut
188 423 314 460 Mariae
344 423 462 468 lepra,
490 425 526 457 et
549 420 645 456 sicut
673 420 759 456 huic
792 428 899 464 para-

128 471 240 519 lytico
263 483 271 516 ;
289 470 362 513 vel,
395 470 441 505 ad
465 469 623 516 gloriam
643 468 724 512 Dei,
743 470 784 501 ut
803 475 901 501 caeco

135 522 239 563 nato,
278 520 314 553 et
355 518 531 562 Lazaro;
572 516 645 560 vel,
668 515 715 550 ad
754 513 902 564 initium

130 576 264 612 poenae,
301 568 341 599 ut
361 563 512 607 Herodi,
537 567 723 610 quatenus
758 561 820 596 hic
853 570 904 611 V.¹‘

131 613 264 649 deatur
289 612 378 656 quid
397 613 435 647 in
457 611 603 647 inferno
623 613 812 655 sequatur.
837 608 903 642 Hic

131 670 235 706 ergo,
259 660 464 696 secundum
485 660 756 703 Hieronymum,
795 655 904 705 datu-r

132 707 291 754 intelligi
318 707 517 752 plerasque
552 713 749 751 corporum
777 701 904 737 debili-

133 757 230 790 tates
267 753 416 790 evenire
459 758 609 799 propter
651 753 818 797 peccata.
860 748 904 781 Et

135 801 218 836 ideo
260 802 361 846 prius
395 805 547 846 peccata
573 799 827 840 dimittuntur,
864 797 905 829 ut

136 848 259 884 causis
277 847 478 884 debilitatis
496 847 643 891 ablatis,
664 845 804 881 sanitas
844 852 904 876 re-

134 895 324 940 stituatur,
354 900 390 930 ct
423 894 465 929 fit
484 893 631 929 visibile
667 893 828 938 signum,
866 892 905 923 ut

126 941 312 977 invisibile
349 942 540 986 probetur.
581 940 685 976 Unde
715 942 751 973 et
773 937 902 973 Beda:

130 1003 144 1021 «
168 989 373 1024 Curaturus
393 991 518 1023 autem
538 987 729 1023 hominem
758 995 780 1020 a
802 994 908 1035 para-

125 1036 194 1083 lysi
215 1037 392 1071 Dominus
414 1036 533 1080 primo
557 1037 795 1080 peccatorum
823 1040 905 1064 viii-

132 1083 214 1119 cula
234 1083 413 1127 dissolvit,
441 1087 482 1118 ut
502 1082 716 1118 ostenderet
734 1088 833 1121 eum,
858 1076 905 1112 ob

128 1140 246 1166 nexus
287 1130 481 1175 culparum
499 1159 507 1173 ‚
551 1133 702 1164 artuum
754 1124 907 1176 dissolu:

134 1178 236 1212 tione
272 1177 384 1212 fuisse
419 1177 666 1220 damnatum,
710 1184 792 1217 nec,
838 1181 907 1206 nisi

133 1224 193 1260 his
227 1224 414 1263 relaxatis,
441 1223 696 1258 membrorum
726 1230 827 1265 posse
852 1229 908 1253 re·

134 1272 375 1316 cuperatione
393 1271 530 1306 sanari.
556 1270 641 1314 Sed,
674 1269 747 1303 heu
772 1268 778 1302 ἱ
803 1276 870 1301 nos
888 1275 905 1300 e

133 1328 312 1354 converso
340 1319 458 1364 magis
490 1316 692 1362 satagimus
729 1315 773 1349 de
797 1322 905 1365 cura-

133 1365 235 1402 tione
272 1365 450 1410 corporis,
493 1374 605 1410 quam
642 1363 791 1406 animae,
824 1360 907 1394 ideo

131 1423 229 1459 saepe
253 1412 488 1448 destituimur
512 1411 726 1455 utrobique.
752 1422 769 1440 »
806 1406 908 1458 Unde

137 1460 251 1496 etiam
276 1461 571 1503 chrysostomus.-
592 1459 695 1493 «Nos
722 1459 861 1497 autem,
880 1463 909 1487 si

136 1507 380 1552 corporaliter
401 1508 599 1552 patiantur,
622 1504 827 1549 satagimus
849 1511 911 1552 iio-

136 1555 260 1589 civum
281 1554 444 1598 adjicere
472 1564 481 1597 ;
519 1562 602 1588 cum
626 1562 713 1587 vero
747 1549 843 1584 male
865 1551 912 1582 sit

86 1616 95 1626 ι
137 1602 286 1644 animae,
308 1600 525 1644 differimus,
547 1603 658 1644 atque
684 1599 767 1633 ideo
804 1606 872 1648 nec
891 1604 913 1629 a

137 1648 303 1693 corporis
324 1648 464 1682 novicis
495 1656 681 1682 curamur.
705 1643 911 1680 Abscinda-

139 1705 220 1731 mus
244 1705 333 1741 ergo
360 1696 499 1730 t'oiitcm
520 1695 718 1737 malorum,
746 1696 782 1726 et
800 1699 914 1725 cessa-

140 1742 239 1779 bunt
284 1742 549 1787 aegritudiiium
587 1741 708 1775 fluxus
742 1749 792 1773 z»
834 1736 914 1771 haec

135 1789 416 1834 chrysostomus.
436 1786 636 1834 Ergo,quia
655 1788 801 1821 constat
815 1781 914 1828 quod

137 1840 290 1881 propter
303 1838 456 1881 peccata
476 1833 676 1870 commissa
690 1832 913 1881 quandoque

138 1883 252 1918 homo
272 1885 441 1928 aegrotat,
468 1881 634 1917 medicus
665 1888 807 1926 aegrum
827 1886 915 1911 Visi-

142 1933 238 1973 tans,
266 1930 387 1975 primo
421 1939 506 1965 eum
526 1927 573 1963 ad
600 1926 857 1972 poenitentiam
881 1926 917 1957 et

145 1977 417 2012 consessionem
469 1985 622 2011 monere
664 1973 775 2009 debet
817 1982 825 2015 3
871 1979 917 2022 ne

147 2028 316 2070 peccato,
336 2028 529 2068 tamquam
549 2021 661 2065 ferro,
684 2021 858 2055 manente
880 2027 918 2052 in

146 2071 316 2115 vulnere,
354 2070 492 2106 frustra
522 2069 569 2104 sit
591 2068 832 2118 emplastrum
857 2075 919 2116 ap7

150 2128 301 2164 ponere.
338 2118 441 2153 Unde
481 2120 636 2162 peccant
667 2114 816 2157 medici,
855 2122 920 2163 qui

145 2174 274 2200 curam
294 2165 525 2200 materialem
557 2161 738 2198 adhibent
758 2169 920 2212 corpori,

147 2211 251 2257 prius
274 2222 387 2257 quam
411 2221 501 2246 cura
519 2209 721 2255 spiritualis
747 2211 793 2242 Sit
812 2207 922 2242 adlii-

146 2258 227 2295 bita
245 2260 392 2302 aiiimae,
415 2259 628 2304 ignorantes
651 2264 799 2291 causam
818 2263 921 2289 mor-

148 2305 202 2349 bi,
220 2306 393 2340 videlicet
410 2306 508 2351 quod
524 2313 589 2349 pro
606 2306 757 2349 peccato
771 2301 921 2345 animae,

144 2351 307 2388 inflictus
330 2353 377 2387 sit
397 2352 557 2396 corpori.

200 2403 219 2435 5
259 2401 482 2434 ALLEGoniciz
524 2408 649 2433 popum
682 2396 844 2432 GENTIUu
877 2406 926 2430 ri-

158 2458 277 2483 surum
312 2457 469 2481 censen
503 2456 560 2480 mc
597 2454 844 2479 PARALYTicns.
879 2462 923 2468 —

154 2494 240 2538 Sed,
264 2495 350 2539 quia
379 2495 457 2529 liaec
478 2494 556 2537 ipsa
582 2490 729 2527 Domini
745 2494 860 2536 gesta,
884 2493 925 2525 ut

159 2541 249 2577 dicit
288 2542 573 2585 Chrysostomus,
599 2537 850 2583 spiritualium
886 2537 924 2571 in

156 2598 196 2624 se
217 2598 341 2623 rerum
369 2588 561 2623 continent
590 2585 787 2628 rationem,
822 2584 926 2629 qu‘us

159 2637 287 2682 typum
315 2635 537 2680 paralyticus
557 2632 623 2668 iste
658 2635 778 2678 gerat,
817 2631 925 2682 debe-

156 2692 240 2718 mus
265 2683 473 2717 advertere.
497 2680 671 2726 Figuram
704 2688 865 2723 namque
889 2688 927 2712 in

160 2739 204 2765 eo
252 2730 377 2775 populi
417 2727 619 2764 Gentilium
662 2729 927 2773 praeostensam

154 2785 231 2813 esse
266 2776 536 2822 cognoscimus,
571 2772 634 2820 qui
663 2772 824 2820 peccatis
845 2782 926 2818 gra·

971 229 1076 264 vibus
1097 228 1222 265 animo
1239 229 1450 272 dissolutuS,
1466 230 1570 276 quasi
1584 229 1748 275 quadam

975 275 1172 312 insanabili
1217 276 1436 312 infirmitate
1482 278 1667 323 plagatus,
1711 277 1748 311 in

976 326 1137 368 quatuor
1170 324 1316 369 angulis
1342 324 1470 359 mundi
1493 325 1614 367 istius,
1647 323 1749 359 velut

977 369 1015 405 iii
1035 370 1130 405 lecto
1150 371 1312 416 jacebat.
1333 371 1436 407 Unde
1460 375 1496 407 et
1515 371 1551 405 in
1580 381 1623 406 eo
1645 380 1750 416 para-

976 417 1088 463 lytico
1122 418 1326 463 Evangelii,
1364 418 1422 453 cui
1469 418 1626 454 remissa
1664 418 1751 453 sunt

977 468 1143 510 peccata,
1161 465 1198 499 id
1218 468 1408 500 ostensum
1430 469 1497 509 est,
1521 465 1608 511 quia
1630 475 1748 509 popu-

977 512 1033 546 lus
1071 511 1287 555 Gentilium,
1326 512 1389 557 qui
1411 511 1515 558 gravi
1538 512 1751 548 valetudine

980 563 1218 604 peccatorum
1253 558 1462 604 laborabat,
1485 560 1572 605 data
1592 559 1663 594 sibi
1693 568 1750 593 re-

979 606 1168 650 missione,
1208 617 1274 652 per
1306 606 1531 641 medicinam
1563 606 1751 641 coelestem

980 653 1166 699 integram
1208 657 1244 688 et
1286 653 1489 699 perfectam
1536 653 1749 695 sanitatem,

978 700 1183 735 secundum
1205 710 1337 745 corpus
1353 704 1389 735 et
1403 701 1580 743 animam,
1600 703 1752 735 aeternae

978 748 1108 782 salutis
1140 748 1339 792 acceperit.
1364 747 1430 782 Cui
1451 758 1525 782 non
1549 746 1750 790 immerito,

980 798 1061 839 post
1095 794 1353 830 remissionem
1389 798 1640 839 peccatorum,
1672 792 1753 828 red-

981 841 1057 876 dita
1089 841 1220 885 salute,
1242 842 1320 886 jam
1352 840 1511 885 diciturJ:
1551 841 1666 883 Vade,
1696 838 1755 874 vel

981 888 1061 923 redi
1078 888 1115 923 in
1129 888 1281 924 domum
1297 892 1412 930 tuam,
1424 888 1461 923 id
1478 887 1586 923 estin
1603 888 1755 923 domum

983 934 1162 975 Paradisi,
1197 935 1241 969 de
1263 945 1336 980 qua
1366 935 1483 970 Adam
1503 935 1582 980 jam
1613 936 1756 970 dudum

983 982 1157 1026 expulsus
1173 980 1296 1016 suerat
1315 992 1326 1025 ;
1346 982 1407 1026 qui
1433 982 1542 1026 liujus
1564 981 1757 1017 infirmita-

983 1029 1028 1062 tis
1046 1032 1177 1063 auctor
1197 1028 1451 1063 exstiteratAEt
1478 1029 1610 1064 merito
1633 1029 1757 1074 sequi-

984 1078 1071 1110 tur:
1112 1075 1188 1110 Hoc
1211 1075 1374 1109 videntes
1405 1075 1517 1110 turbae
1545 1077 1756 1119 timuerunt,

984 1122 1760 1168 etglorificaveruntseumagnificaverunt

981 1171 1107 1213 Deum,
1143 1171 1208 1213 qui
1246 1172 1385 1204 tantam
1418 1173 1628 1214 potestatem
1658 1169 1760 1205 dedit

983 1216 1200 1252 hominibus.
1235 1215 1494 1261 Magnificatur
1522 1216 1623 1252 enim
1661 1217 1759 1252 Deus

984 1264 1048 1309 qui
1071 1263 1125 1298 vel
1155 1264 1338 1308 Apostolis
1356 1264 1430 1298 suis
1459 1267 1680 1308 potestatem
1708 1264 1760 1299 di-

985 1309 1157 1346 mittendi
1182 1315 1333 1356 peccata
1357 1310 1522 1355 donavit,
1552 1311 1609 1346 vel
1635 1311 1761 1347 homi-

987 1357 1095 1393 nibus
1128 1362 1271 1393 tantam
1304 1358 1466 1403 gratiam
1498 1359 1696 1399 concessit,
1723 1361 1762 1394 ut

987 1408 1071 1450 post
1118 1404 1379 1440 remissionem
1416 1409 1655 1450 peccatorum
1695 1416 1761 1450 per

987 1452 1161 1487 meritum
1188 1452 1275 1487 fidei
1307 1456 1418 1498 atque
1447 1452 1614 1497 justitiae,
1653 1456 1760 1499 pote-

987 1503 1120 1534 statem
1145 1499 1330 1544 accipiant
1365 1499 1411 1534 ad
1432 1498 1651 1535 Paradisum
1674 1500 1761 1535 red-

989 1546 1114 1582 eundi.
1134 1547 1201 1582 Ubi
1229 1545 1281 1581 ait
1299 1546 1466 1581 Hilarius
1505 1559 1515 1580 .·
1541 1560 1558 1580 «
1592 1548 1763 1584 Videntes

989 1596 1108 1628 autem
1130 1594 1242 1629 turbae
1275 1596 1498 1636 timuerunt‚·
1521 1595 1644 1641 magni
1664 1595 1764 1630 enim

990 1640 1134 1678 timoris
1152 1651 1210 1676 res
1230 1645 1284 1676 est
1310 1651 1383 1675 non
1416 1640 1575 1675 dimissis
1603 1640 1764 1686 peccatis

991 1702 1013 1726 a
1044 1689 1205 1733 Christo,
1226 1688 1263 1722 iii
1296 1691 1454 1723 mortem
1489 1688 1648 1723 resolvi:
1676 1689 1765 1734 quia

992 1737 1117 1774 nullus
1138 1739 1193 1770 est
1223 1735 1260 1769 in
1282 1735 1436 1770 domum
1462 1737 1643 1770 aeternam
1665 1736 1764 1770 redi-

994 1791 1066 1828 tus,
1089 1783 1118 1818 si
1142 1782 1200 1817 cui
1237 1782 1381 1816 indulta
1414 1791 1489 1816 non
1516 1781 1628 1817 fuerit
1658 1783 1767 1818 venia

994 1833 1216 1868 delictorum
1237 1841 1245 1873 3
1272 1832 1438 1863 cessante
1463 1832 1589 1863 autem
1619 1829 1767 1874 timore,

994 1880 1115 1915 honor
1142 1877 1216 1910 Deo
1258 1875 1441 1919 redditur,
1482 1875 1568 1920 quia
1607 1880 1767 1921 potestas

993 1923 1207 1962 hominibus
1227 1922 1296 1958 hac
1316 1922 1390 1957 iita
1408 1922 1510 1966 data,
1536 1922 1577 1956 fit
1598 1933 1662 1967 per
1683 1933 1765 1958 ver-

994 1974 1083 2009 bum
1103 1971 1194 2016 ejus,
1209 1973 1245 2004 et
1262 1968 1492 2004 remissionis
1513 1974 1765 2015 peccatorum,

995 2024 1030 2056 et
1057 2026 1254 2060 corporum
1269 2016 1565 2061 resurrectionis,
1590 2019 1625 2051 et
1647 2027 1769 2052 rever-

995 2066 1108 2102 sionis
1148 2065 1185 2098 in
1223 2063 1385 2098 coelum:
1412 2075 1429 2096 »
1470 2063 1549 2097 liaec
1587 2064 1767 2100 Hilarius.

1044 2116 1064 2148 6
1103 2113 1311 2147 ΜΟΒΑΙΛΤΕΒ
1340 2121 1448 2145 TYPUS
1472 2120 1560 2144 ERAT
1598 2121 1767 2146 peccaro-

998 2172 1065 2196 ais.
1087 2179 1126 2184 --
1149 2157 1340 2193 Moraliter
1361 2160 1485 2191 autem
1513 2167 1577 2201 per
1597 2157 1770 2204 paralyti-

997 2217 1096 2251 cum,
1119 2204 1182 2250 qui
1206 2205 1371 2250 privatus
1393 2208 1450 2238 est
1483 2214 1551 2238 usu
1577 2204 1768 2240 membro-

998 2264 1081 2290 rum
1102 2250 1369 2296 corporalium,
1390 2250 1623 2295 significatur
1658 2252 1769 2288 homo

999 2298 1366 2347 peccator,operibus
1376 2297 1578 2332 meritoriis
1589 2298 1769 2344 privatus,

999 2351 1036 2384 et
1067 2346 1167 2391 turpi
1206 2354 1378 2380 marcens
1410 2345 1501 2379 otio.
1537 2345 1635 2380 Talis
1671 2344 1772 2381 enim

999 2394 1169 2442 privatur
1188 2402 1313 2427 Gfressu
1330 2391 1532 2427 meritoriae
1551 2391 1770 2436 attentionis,

1001 2446 1038 2478 et
1068 2444 1169 2476 tactu
1185 2419 1301 2476 5201]ae
1325 2438 1566 2483 operationis,
1593 2443 1630 2474 et
1661 2443 1773 2485 gustu

1002 2488 1196 2525 suavitatis
1234 2485 1404 2526 eoelestis,
1440 2489 1476 2520 et
1518 2486 1600 2521 visu
1638 2485 1773 2521 divinae

1002 2533 1339 2580 contemplationis,
1359 2536 1395 2567 et
1415 2532 1543 2568 auditu
1559 2530 1673 2567 divini
1693 2542 1774 2567 ser-

1002 2583 1136 2627 monis,
1172 2586 1208 2617 et
1244 2581 1402 2615 odoratu
1435 2579 1569 2614 diviiiae
1611 2579 1774 2615 consola-

1001 2630 1125 2665 tionis.
1143 2629 1187 2664 Et
1205 2632 1294 2663 tunc
1311 2627 1411 2672 ,iacet
1428 2626 1464 2660 in
1482 2626 1591 2670 lecto,
1622 2626 1772 2671 quando

1001 2675 1280 2722 superveniens,
1299 2678 1401 2709 tenet
1425 2684 1509 2708 eum
1542 2683 1656 2718 prava
1679 2683 1770 2708 con·

1001 2724 1156 2760 suetudo
1173 2734 1183 2768 3
1202 2723 1281 2758 haec
1300 2721 1399 2757 enim
1420 2719 1536 2755 lectus
1558 2720 1629 2755 dici
1649 2722 1772 2765 potest

1005 2772 1077 2807 hoc
1108 2770 1203 2806 loco.
1236 2770 1358 2815 Ipsum
1391 2776 1541 2813 quoque
1573 2769 1769 2812 peccatum
