1894 3186
143 162 204 195 ‘288
594 155 738 189 PRIMAE
775 155 928 189 PARTIS
967 154 1102 187 CAPUT
1140 153 1320 187 LXXXIV

143 230 271 267 dicens
293 239 302 265 ι
321 229 386 264 Ille
407 226 588 263 homicida
614 228 705 265 erat,
731 226 776 260 ab
810 226 915 259 initio

142 276 272 313 mundi
307 279 344 311 et
382 274 520 310 conditi
561 272 735 313 hominis,
774 271 915 318 primos

142 323 315 360 homines
328 322 436 358 malis
446 320 682 357 suasionibus
693 319 914 362 occidendo,

141 375 178 407 et
191 371 245 407 eis
265 369 585 406 immortalitatem
603 367 819 403 auferendo.
844 367 916 417 *Ho-

141 429 202 454 mo
218 420 317 454 enim
336 417 372 452 in
396 416 519 462 specie
539 416 704 451 humana
724 417 916 464 reponitur

142 476 209 512 per
230 465 415 507 animam3
449 467 485 499 et
508 462 593 498 ideo
623 461 743 506 magis
766 470 915 506 proprie

141 515 198 548 est
233 511 422 548 homicida
460 510 522 546 ille
550 509 612 555 qui
653 508 816 544 animam
840 516 916 559 *per

137 563 330 606 peccatum
352 558 510 594 mortale
536 555 684 599 occidit,
708 565 818 600 quam
838 553 914 598 ille,

140 606 202 653 qui
239 605 373 642 occidit
403 616 550 651 corpus,
589 613 656 649 per
683 601 781 652 quod
803 602 914 636 homo

142 664 227 690 cum
252 653 371 690 brutis
398 651 583 688 convenit.
611 648 681 685 Uhi
715 650 803 683 dicit
828 649 915 682 Au-

141 703 310 745 qustinus
332 712 340 735 ε
366 715 383 733 «
405 699 484 735 Noli
506 703 543 733 te
563 707 652 742 ergo
681 698 812 746 putare
840 705 914 729 non

141 759 223 784 esse
255 747 496 789 homicidam,
520 743 813 795 quando-fratri
851 746 913 777 tu)

141 795 239 831 male
272 794 490 840 persuades.
517 791 552 827 si
587 791 693 826 fratri
720 792 781 841 tuo
818 789 915 824 male

141 842 360 888 persuades,
389 839 547 882 occidis;
571 841 620 878 et,
644 841 683 872 ut
703 847 798 871 scias
817 836 914 881 quod

143 887 396 928 occidis,audi
422 885 781 922 Psalmistasziliz·
801 884 913 917 homi-

141 947 240 972 num.
263 936 385 970 dentes
402 945 521 969 corum
539 944 640 968 ανηια
659 935 691 967 et
709 932 865 974 sagitcae,
882 934 915 965 et

143 984 269 1026 linqua
286 994 405 1018 eornm
427 981 575 1025 yladz'us
589 983 728 1014 acutus.
745 991 761 1010 »
788 999 815 1002 —
833 977 914 1029 Alia

143 1029 307 1065 conditio
330 1028 469 1064 diaboli
490 1027 670 1072 tangitur,
691 1035 773 1060 cum
792 1024 915 1076 suhdi-

140 1079 202 1112 tur
227 1088 235 1112 :
263 1079 310 1112 Et
329 1079 368 1111 in
386 1078 537 1111 veritate
558 1073 681 1119 operis
702 1077 738 1108 et
760 1072 913 1124 jujtitrae

139 1135 210 1159 non
230 1126 343 1168 stetit,
363 1123 400 1158 id
420 1126 476 1158 est
496 1121 534 1157 in
556 1122 681 1157 dehita
700 1119 914 1155 obedientia

138 1171 186 1206 ad
207 1173 323 1207 Deum
344 1183 352 1214 ;
378 1172 466 1215 quia
486 1180 557 1204 non
577 1172 628 1203 esc
649 1169 781 1202 veritas
805 1168 841 1201 in
859 1177 908 1201 co.

141 1219 214 1254 Res
236 1218 335 1254 enim
358 1218 531 1253 dicuntur
548 1226 658 1253 verte,
678 1214 715 1249 in
733 1216 912 1258 quantum

143 1266 426 1301 conformantur
451 1263 597 1299 veritati
619 1261 762 1308 primae,
792 1271 813 1295 a
840 1271 913 1305 qua

138 1312 296 1348 veritate
317 1310 477 1347 deviavit
497 1309 668 1345 diabolus
694 1318 760 1354 per
780 1318 910 1358 pecca-

140 1362 220 1395 tum
243 1359 446 1405 Stiperhiae3
470 1361 506 1393 et
527 1358 690 1392 deseruit
710 1354 912 1390 ordinatio-

142 1417 229 1442 nem
259 1410 403 1441 natur-,e
431 1415 520 1446 sine,
549 1414 632 1449 qnae
652 1406 731 1438 erat
772 1407 811 1437 ut
840 1402 912 1436 Deo

143 1452 393 1498 subji··eretur
404 1451 598 1495 continue3
611 1462 675 1485 nec
687 1449 787 1485 stelit
802 1448 839 1483 in
852 1459 911 1483 ve-

139 1500 248 1535 ritate
273 1499 373 1535 vocis
396 1503 507 1544 atque
523 1496 692 1541 loquelae.
711 1497 796 1532 Cum
823 1505 911 1540 ergo

142 1548 305 1592 loquitur
331 1547 572 1589 mendac-iuni,
595 1556 640 1579 ese
669 1544 830 1589 propriis
866 1544 911 1594 [ρ-

142 1598 288 1639 quitum
312 1596 400 1639 quia
419 1593 576 1628 mendum
596 1595 662 1635 est,
683 1594 716 1625 et
736 1594 852 1635 puter,
874 1589 911 1640 ld

140 1645 196 1677 est
229 1640 402 1676 inventor
427 1641 519 1684 ejus,
543 1638 684 1675 scilicet
710 1637 908 1675 mendacii,

139 1689 234 1723 sicut
264 1690 359 1723 Deus
386 1692 492 1734 pater
530 1689 586 1722 cst
618 1684 797 1721 veritatis.
817 1684 911 1735 Ante

139 1734 259 1781 ipsum
281 1746 353 1770 non
370 1739 449 1770 erat
470 1734 726 1775 mendacium3
747 1732 793 1766 ab
815 1741 909 1776 ipso,

139 1787 176 1818 et
196 1793 262 1828 per
280 1782 401 1826 ipsum
423 1785 477 1817 est
499 1782 650 1822 sartum,
675 1783 712 1813 ut
729 1782 776 1813 sit
796 1779 911 1829 mnis

141 1830 242 1865 homo
281 1830 449 1864 mendam.
487 1829 551 1864 Ille
590 1827 739 1873 quidem
778 1824 913 1876 dicitur

138 1876 311 1918 mendax,
328 1887 400 1911 non
416 1879 561 1911 tantum
585 1878 689 1919 pater
710 1872 910 1913 mendacii,

139 1923 202 1969 qui
233 1922 470 1959 mendacium
499 1923 546 1958 ah
576 1921 659 1957 aliis
688 1921 724 1955 in
750 1922 911 1954 mentem

142 1970 277 2012 refert;
295 1970 359 2005 sed
382 1970 538 2005 mendax
559 1972 614 2004 est
635 1971 670 2003 et
689 1970 794 2013 pater
814 1976 914 2000 men-

141 2016 251 2060 dacii,
271 2016 334 2062 qui
356 2028 429 2053 non
449 2017 567 2051 solum
589 2015 702 2050 refert
723 2013 828 2055 illud,
848 2012 912 2047 sed

138 2068 173 2099 et
188 2063 296 2108 sacit3
318 2067 353 2099 et
370 2068 522 2110 propter
539 2064 617 2098 haec
633 2060 805 2112 diabolus
819 2060 911 2095 ben!

140 2111 277 2146 dicitur
296 2115 404 2156 pater
424 2110 622 2153 inendarii,
644 2108 730 2154 quia
750 2116 911 2152 primum

138 2158 375 2194 mendacium
397 2157 601 2200 adinvenit,
623 2166 705 2192 cuin
727 2154 817 2190 dixit
839 2164 914 2188 mu-

142 2205 256 2240 lieri:
285 2208 525 2250 Nequaquam
561 2205 777 2239 moriemini.
814 2202 914 2235 Hanc

139 2252 520 2297 ergoproprietatem,
541 2252 637 2287 lianc
655 2248 835 2285 nefariam
853 2248 914 2282 he-

140 2298 338 2334 reditatem
373 2299 458 2334 liliis
490 2298 565 2334 suis
599 2297 769 2333 diabolus
805 2295 911 2330 dere-

142 2344 265 2390 liquit,
283 2349 324 2380 ut
345 2345 575 2381 mentiantur
592 2348 627 2381 et
641 2348 786 2389 patrem
803 2352 911 2377 suum

142 2392 332 2427 diabolum
357 2392 571 2428 mentiendo
589 2394 805 2437 sequantur.
824 2389 913 2439 Cum

138 2438 238 2475 enim
272 2439 513 2482 mentiuntur,
544 2450 566 2474 a
594 2438 742 2473 diaholo
781 2435 913 2480 accipi-

138 2489 252 2521 untur
273 2490 308 2521 et
329 2485 449 2531 ipsum
478 2485 684 2521 imitantur.
708 2483 912 2519 Attendant

140 2533 340 2568 mendaces
374 2532 463 2567 illud
498 2534 650 2567 verbum
684 2530 817 2567 Christi
856 2528 910 2563 di-

138 2579 255 2615 centis
279 2591 286 2614 :
312 2582 387 2622 Eyo
411 2590 489 2613 sum
510 2582 583 2622 riu,
604 2581 738 2613 rericus
760 2582 791 2611 ct
816 2578 908 2615 ιὲιῖτας

139 2626 226 2672 quia
251 2626 458 2662 recolendo
486 2637 507 2660 a
537 2626 705 2667 veritate,
728 2626 909 2659 recedunt

140 2684 163 2709 a
180 2673 240 2709 via
258 2679 292 2709 et
312 2684 334 2709 a
350 2672 440 2708 vita.
462 2673 568 2708 Tales
589 2683 692 2717 ergo,
716 2676 909 2714 tamquam

137 2719 336 2766 illegitimi,
353 2719 391 2756 in
413 2719 591 2765 religione
608 2718 820 2754 Christiana
835 2726 909 2751 me-

138 2766 209 2803 rito
237 2771 322 2804 sunt
342 2767 529 2812 habendi3
551 2765 638 2812 quia
659 2776 679 2801 a
696 2767 772 2801 Deo
796 2765 909 2799 Patre

990 223 1260 268 degenerantes
1273 222 1359 259 faeti
1375 225 1460 258 sunt
1476 222 1541 258 filii
1560 223 1712 261 diaboli.
1734 227 1761 262 Ο

991 281 1101 315 quain
1125 270 1330 306 multisunt
1348 270 1605 315 hujuscemodi
1622 272 1689 307 filii
1708 273 1762 308 di-

990 317 1103 360 aboli,
1121 321 1233 353 etiam
1254 317 1350 353 inter
1366 316 1576 362 religiosos,
1590 322 1626 354 et
1650 330 1761 364 quam

990 365 1122 409 plenus
1143 369 1198 400 est
1219 365 1263 400 de
1285 363 1338 400 eis
1353 364 1532 400 mundus!
1554 367 1597 400 Et
1616 366 1762 402 utinam

991 422 1122 446 omnes
1145 411 1237 447 tales
1270 412 1525 447 characterem
1560 412 1678 458 patris
1705 413 1759 449 sui

991 457 1127 494 diaboli
1146 458 1184 493 in
1207 459 1329 494 fronte
1351 461 1542 504 gestarent
1564 463 1602 494 ut
1623 471 1760 506 cogno-

991 508 1196 549 scerentur,
1219 516 1264 541 ne
1283 505 1346 541 alii
1368 516 1435 551 per
1453 516 1583 541 eorum
1608 509 1760 543 menda-

991 551 1047 588 cia
1078 552 1365 597 deciperentur!
1401 553 1487 596 Sed,
1525 553 1619 589 heu!
1647 553 1761 600 aliqui

989 599 1128 635 habent
1148 600 1306 635 frontem
1328 599 1550 643 meretricis,
1569 603 1606 636 et
1628 611 1760 646 parum

990 647 1214 682 erubesfflnt
1233 647 1277 682 de
1298 646 1517 682 mendaciis,
1536 648 1672 693 thuid
1690 651 1762 683 ter-

990 704 1070 729 ram
1103 696 1284 739 occupant
1322 694 1415 729 tales
1448 694 1615 739 pestiferi
1649 695 1760 731 sedu-

989 744 1124 783 ctores,
1145 746 1314 776 errantes
1344 744 1379 776 et
1409 741 1503 776 alios
1524 740 1561 776 in
1592 752 1760 777 errorem

990 787 1191 829 mittentes,
1214 799 1256 823 ae
1290 788 1341 822 sic
1369 791 1514 832 patrem
1544 799 1664 831 suum,
1699 788 1762 834 qui

989 834 1205 870 universum
1227 834 1356 870 orbem
1375 834 1531 875 seducit,
1545 834 1762 871 imitantes?

988 882 1144 917 Mendax
1166 892 1269 927 ergo,
1289 881 1326 916 in
1345 882 1531 926 loquendo
1553 887 1589 918 et
1608 883 1761 918 menda-

989 928 1046 963 cia
1087 929 1287 975 lingendo,
1317 929 1585 974 proprietatem
1620 929 1759 965 diaboli

988 975 1145 1011 assumit
1185 976 1280 1011 male
1323 975 1493 1011 vivendo.
1534 977 1637 1012 Unde
1673 976 1764 1012 dicit

988 1023 1230 1067 Achzcstc'nzcs,
1254 1022 1352 1068 quod
1376 1022 1547 1059 diabolus
1573 1035 1647 1059 non
1678 1034 1762 1070 spe-

989 1070 1080 1105 ciale
1098 1080 1235 1105 nomen
1251 1074 1320 1113 est,
1341 1070 1405 1105 sed
1426 1081 1645 1111 commune;
1668 1071 1762 1106 etin

989 1128 1225 1162 quocumque
1246 1127 1360 1160 opera
1382 1117 1520 1153 diaboli
1541 1117 1681 1153 fuerint
1703 1119 1762 1153 in-

989 1170 1097 1216 venta
1127 1163 1301 1216 'diationis
1322 1168 1378 1199 est
1397 1165 1659 1210 appellandus,
1677 1175 1763 1211 ope-

986 1222 1038 1246 ris
1075 1222 1174 1246 emin
1213 1222 1350 1246 nomen
1392 1218 1459 1254 est,
1499 1223 1574 1247 non
1603 1216 1759 1248 naturae.

986 1259 1170 1293 Erutwssc
1201 1269 1303 1303 ergo,
1326 1270 1346 1293 o
1374 1259 1597 1298 Christiane,
1622 1263 1659 1295 et
1681 1271 1760 1295 niar-

986 1305 1095 1347 xime,
1112 1309 1148 1339 tu
1171 1305 1358 1350 religiose,
1380 1306 1424 1341 de
1444 1307 1512 1341 hoc
1532 1305 1702 1349 nomine;
1726 1311 1763 1341 et

986 1353 1031 1387 ah
1055 1351 1154 1387 ‹nnni
1191 1352 1386 1388 mendacio
1417 1353 1579 1396 abstine,
1606 1353 1693 1398 quia
1722 1353 1761 1389 in

987 1399 1151 1444 quolibet
1171 1399 1381 1435 Christiano
1398 1400 1508 1435 dehet
1525 1411 1605 1435 esse
1623 1400 1761 1435 veritas

985 1450 1101 1487 tanta,
1122 1450 1158 1480 ut
1180 1445 1276 1480 inter
1292 1447 1548 1490 Juraiiientum
1570 1453 1606 1482 et
1624 1447 1762 1491 simpli-

986 1504 1065 1527 cem
1084 1492 1373 1528 attii-mationem
1394 1494 1495 1529 nulla
1515 1494 1561 1529 sit
1583 1504 1761 1540 umquam

986 1540 1213 1575 ditl'crentia.

1033 1590 1052 1621 6
1072 1588 1205 1622 smmi
1224 1599 1266 1621 nx
1288 1598 1357 1626 oro
1379 1598 1619 1622 eoexoscrrun
1639 1598 1699 1626 Qut
1718 1598 1762 1622 Ex

986 1635 1060 1669 Disso
1089 1646 1163 1677 icsr,
1192 1646 1258 1669 vizi„
1284 1645 1368 1669 Nox.
1391 1654 1436 1658 —
1459 1635 1500 1668 Et
1527 1633 1616 1679 quia
1638 1633 1761 1669 solent

986 1682 1216 1718 innocentes.
1245 1685 1448 1726 antequam
1477 1681 1637 1716 subeant
1660 1681 1760 1726 J'udi-

987 1727 1082 1763 cium
1121 1728 1331 1774 passionis,
1373 1731 1544 1773 expetere
1578 1727 1759 1773 judicium

986 1775 1296 1819 examinationis3
1320 1775 1403 1810 ideo
1434 1776 1612 1810 Dominus
1634 1778 1761 1810 noster

987 1821 1109 1857 sciens
1139 1823 1289 1858 Judaeos
1315 1824 1348 1856 in
1376 1825 1533 1857 mortem
1554 1832 1658 1856 suam
1677 1832 1762 1857 con-

987 1868 1161 1914 spirasse,
1181 1869 1364 1913 judiciuin
1399 1867 1687 1904 examinttionis
1712 1869 1759 1904 ab

988 1916 1040 1951 eis
1073 1916 1238 1961 expetiit,
1264 1917 1309 1951 ad
1345 1915 1618 1951 ostendendam
1654 1925 1760 1951 suam

986 1962 1237 1998 innocentiani
1261 1966 1295 1998 et
1317 1963 1533 1998 Judaeorum
1559 1961 1758 2005 malitiam,

987 2013 1023 2045 et
1049 2011 1094 2045 ad
1127 2010 1421 2045 convincendam
1443 2008 1605 2054 apertius
1630 2020 1759 2045 eorum

981 2056 1217 2103 judiciariam
1248 2056 1482 2102 injustitiam.
1507 2055 1682 2099 Quamvis
1705 2060 1758 2091 et-

987 2114 1084 2139 ennn
1104 2104 1201 2139 ultro
1221 2108 1257 2139 et
1279 2106 1486 2138 voluntarie
1504 2110 1662 2138 mortem
1685 2102 1759 2147 pati

985 2150 1242 2196 voluerit,ip-·e
1264 2154 1389 2186 tamen
1409 2150 1572 2186 Christus
1587 2160 1691 2185 suam
1708 2150 1745 2184 in

987 2197 1199 2233 nocentiam
1221 2197 1394 2233 omnihus
1422 2197 1656 2232 manifestam
1678 2207 1760 2232 esse

986 2244 1113 2280 voluit.
1133 2244 1235 2279 Unde
1251 2243 1340 2279 dicit
1363 2256 1369 2280 z
1394 2244 1480 2286 Quis
1501 2254 1544 2278 em
1565 2244 1679 2286 robis,
1697 2254 1738 2279 co

986 2302 1066 2327 rain
1087 2290 1223 2336 quibus
1245 2291 1365 2335 palam
1387 2291 1495 2326 docui
1522 2293 1558 2325 et
1581 2289 1759 2326 miracula

987 2338 1070 2382 feci,
1085 2342 1211 2380 arquet
1223 2341 1259 2373 et
1281 2337 1553 2383 reprehendere
1570 2340 1691 2382 potest
1705 2348 1759 2371 me

986 2386 1028 2420 de
1045 2389 1186 2430 peccato
1202 2388 1219 2419 ἶ)
1234 2384 1344 2427 Quasi
1366 2385 1506 2420 dii-eret
1528 2396 1535 2419 z
1555 2386 1628 2420 Vos
1650 2383 1758 2419 vultis

986 2443 1045 2467 nie
1087 2432 1310 2474 interlicere,
1343 2431 1526 2467 ostendite
1565 2434 1754 2474 peccatum

986 2490 1059 2524 quo
1086 2489 1284 2513 meruerim
1307 2482 1483 2521 mortem3
1508 2478 1608 2523 quod
1629 2477 1658 2512 si
1684 2488 1756 2512 non

985 2525 1169 2570 poteritis,
1192 2525 1431 2560 manifestum
1466 2525 1549 2565 erit,
1571 2524 1668 2569 quud
1698 2535 1755 2559 me

985 2573 1207 2607 innocenter
1228 2573 1410 2607 occiditis.
1433 2572 1644 2607 Secundum
1666 2572 1754 2606 Gre-

984 2618 1210 2662 902¹z'zc1n,liic
1224 2620 1414 2664 pensanda
1433 2625 1488 2654 est
1503 2618 1753 2653 mansuetudo

985 2665 1145 2709 Domini,
1160 2665 1220 2711 qui
1238 2670 1389 2701 venerat
1407 2673 1559 2711 peecata
1572 2664 1753 2700 relaxare:

985 2712 1070 2758 quia
1087 2723 1161 2748 non
1177 2712 1401 2759 dedignatur
1417 2724 1459 2749 ex
1472 2712 1619 2748 ratione
1633 2715 1755 2747 osten-

983 2761 1072 2796 dere
1109 2770 1148 2795 se
1188 2763 1425 2805 peccatorem
1462 2770 1540 2796 non
1576 2769 1671 2804 esse,
1694 2756 1754 2804 qui
