1894 3186
280 153 332 186 DE
370 150 540 185 JUDAEIS
578 150 744 183 SIGNUM
783 150 833 183 DE
872 149 1000 183 COELO
1039 149 1378 192 QUAERENTIBUS,
1420 153 1511 186 ETC.
1662 154 1719 187 221

83 225 171 262 liter
193 221 358 267 noxium,
382 219 469 268 quia
489 218 585 255 sicut
606 223 808 265 exaggerat
827 219 865 256 in

84 271 240 310 alterius
278 269 391 306 corde
424 266 629 311 tristItiam,
652 266 704 302 ita
735 268 771 303 in
798 279 864 303 suo

83 331 159 357 non
208 316 392 365 permittit
435 314 632 360 exstingui.
685 315 865 351 Nonnulli

86 377 248 414 quoque,
278 375 360 401 cum
398 362 601 398 tristificati
629 362 780 406 fuerint,
808 362 866 398 vel

85 414 186 458 irati,
208 415 255 449 ab
277 412 355 458 ipso
375 410 489 446 etiam
521 409 764 456 pertinaciter
784 411 866 446 abs-

84 461 205 498 tinent
234 459 386 496 cib0.In
426 468 499 504 quo
534 457 644 503 plane
681 457 867 503 sacrilegii

86 509 229 545 crimen
262 505 456 543 evidenter
494 504 701 549 incurrunt,
721 505 867 550 jejunia

85 556 239 599 scilicet,
263 564 345 600 quae
381 551 451 588 soli
488 554 579 594 Deo,
604 562 671 598 pro
696 551 868 588 humilia-

83 604 185 640 tione
212 600 336 637 cordis
361 603 398 636 et
423 599 646 646 purgatione
673 598 865 643 vitiorum,

85 653 172 687 sunt
194 647 406 695 specialiter
427 647 634 688 offerenda,
651 657 718 692 pro
741 646 868 682 diabo-

84 697 155 734 lico
179 700 326 732 tumore
346 696 565 731 tolerantes.
589 694 695 738 Quod
714 694 788 730 tale
812 697 868 729 est

82 756 126 781 ac
152 746 182 781 si
214 743 405 780 orationes
432 746 544 788 atque
578 741 763 777 sacrificia
792 752 866 777 non

84 794 176 837 Deo,
202 791 265 827 sed
289 789 524 826 daemonibus
551 789 735 833 deserant,
765 788 868 824 illam

86 850 233 885 quoque
254 837 455 874 Mosaicam
473 836 771 882 increpationem
789 847 867 871 me-

85 890 239 923 reantur
261 885 393 921 audire
413 897 420 920 :
443 886 725 920 [memmerunt
743 884 871 919 daemo-

86 936 182 976 niis,
221 937 254 969 et
279 944 350 969 non
376 935 470 975 De03
496 933 570 967 diis
609 942 698 976 quos
727 933 872 975 iquore-

91 982 177 1017 bant
200 993 207 1018 :
233 995 245 1013 n
272 981 352 1016 hcec
370 979 434 1016 ubi
453 990 580 1025 supra.
597 978 655 1015 Sic
667 989 757 1023 ergo
777 989 870 1024 prae-

87 1028 177 1065 dicti
204 1028 331 1064 miseri
359 1031 436 1064 tam
460 1037 637 1073 perverse
670 1025 869 1078 litigando,

88 1087 203 1123 quam
223 1075 409 1112 malitiose
440 1074 598 1111 tacendo
634 1072 871 1110 daemombus

932 218 1113 263 serviunt,
1135 219 1196 265 qui
1220 220 1421 267 utrobique
1443 233 1483 258 se
1507 222 1717 269 ingerendo

933 267 987 303 eis
1017 267 1197 310 illudunt;
1227 278 1386 313 quorum
1418 269 1613 306 illusiones
1641 282 1717 307 non

932 314 1181 357 incurrerent,
1202 314 1232 349 si
1255 326 1327 350 non
1350 316 1566 361 fictam,sed
1588 330 1715 355 veram

933 361 1185 398 humilitatem
1213 365 1249 397 et
1280 362 1475 400 caritatem
1511 366 1714 411 habcrent3

933 409 1021 455 quia
1050 420 1119 445 nec
1149 412 1236 445 tuuc
1262 410 1309 445 ad
1341 414 1483 447 tantam
1514 412 1718 459 impatien-

934 457 1024 492 tiam
1053 456 1289 493 devenirent.
1310 459 1366 502 Et,
1389 460 1487 504 quod
1507 460 1629 496 adhuc
1650 472 1717 507 pe-

931 505 992 551 jus
1015 508 1084 549 est,
1107 504 1201 540 tales
1223 515 1323 551 saepe
1347 506 1489 552 absque
1514 507 1641 543 fratris
1668 509 1719 544 of—

934 551 1030 588 fensi
1042 551 1349 588 reconciliatione
1362 564 1438 589 non
1450 555 1716 591 tantummodo

935 600 1052 635 solem
1080 599 1251 635 occidere
1278 599 1419 644 sinunt,
1445 602 1509 637 sed
1535 603 1716 638 accedere

934 658 1009 682 non
1032 650 1208 682 verentur
1229 647 1277 683 ad
1302 647 1441 692 altare3
1466 651 1502 684 et
1526 649 1578 684 sic
1604 660 1717 685 acce—

935 694 1066 729 dentes
1080 695 1265 739 judicium
1286 695 1359 730 sibi
1374 696 1598 732 manducant
1617 701 1649 732 et
1669 698 1719 732 bi-

938 742 1037 777 bunt.
1061 744 1104 777 Et
1127 741 1283 788 insuper
1306 753 1327 778 a
1349 742 1498 779 diabolo
1527 744 1716 789 excaecati,

937 789 1165 835 quandoque
1186 800 1225 825 se
1244 791 1456 826 excusando
1479 790 1606 827 dicunt
1630 803 1637 827 :
1659 791 1714 828 Ni-

935 836 987 871 hil
1009 837 1189 872 adversus
1209 836 1322 872 alium
1346 838 1543 883 habemus,
1569 850 1644 875 non
1666 839 1718 875 in-

936 883 1162 929 telligentes,
1185 884 1287 930 quia,
1311 886 1517 921 secundum
1539 888 1717 932 Evange-

937 930 1044 975 lium,
1058 931 1253 968 attendere
1264 932 1417 977 debent,
1436 934 1464 968 si
1480 933 1576 969 alius
1590 935 1721 970 adver-

938 989 1001 1014 sus
1027 990 1092 1014 eos
1120 978 1208 1024 quid
1235 979 1362 1016 habet.
1395 981 1522 1025 Aufer,
1547 981 1719 1025 Domine,

940 1025 1185 1071 opprobrium
1224 1026 1355 1062 talium
1400 1038 1664 1073 perversorum
1701 1040 1724 1065 a

940 1072 1124 1120 religione
1146 1084 1341 1111 servorum
1365 1077 1531 1112 tuorum.

822 1201 992 1238 ORATIO

135 1310 162 1347 O
184 1320 272 1346 vera
290 1308 422 1355 virtus,
444 1308 538 1356 ejice
557 1319 579 1345 a
599 1319 658 1345 me
682 1307 913 1344 daemonium
938 1320 1006 1355 per
1030 1307 1324 1345 contritionem!
1348 1309 1375 1345 Ο
1397 1309 1561 1346 Verbum
1586 1310 1723 1356 Patris,

87 1368 179 1394 sana
200 1360 346 1393 mutum
381 1368 449 1403 per
476 1356 778 1393 confessionem!
803 1357 830 1392 O
849 1355 983 1392 intima
1012 1356 1086 1400 lux,
1109 1356 1283 1392 illumina
1309 1367 1450 1393 caecum
1480 1368 1549 1403 per
1572 1357 1724 1394 satissa-

88 1405 269 1441 ctionem!
294 1406 350 1449 Et,
378 1408 418 1440 ut
442 1404 548 1440 sortis
588 1407 755 1440 armatus
782 1415 841 1439 me
862 1415 939 1439 non
964 1403 1169 1450 possideat,
1192 1404 1369 1440 universa
1401 1415 1507 1440 arma
1533 1405 1628 1451 ejus,
1651 1405 1724 1441 sci·

88 1452 175 1488 licet
195 1452 293 1488 vires
330 1451 465 1488 animae
486 1462 579 1487 meze
601 1451 801 1487 interiores
822 1454 858 1486 et
878 1451 1045 1497 corporis
1073 1462 1204 1487 sensus
1223 1451 1428 1488 exteriores
1454 1452 1491 1487 in
1511 1455 1617 1488 tuum
1638 1464 1727 1489 con-

88 1503 191 1535 verte
219 1499 455 1545 obsequium.
475 1500 569 1544 Opto
591 1498 704 1534 etiam
732 1502 768 1534 et
794 1497 982 1542 desidero,
1004 1500 1102 1534 Deus
1123 1498 1319 1539 altissime,
1341 1502 1393 1542 ut,
1416 1499 1725 1546 quotiescumque

86 1547 272 1591 malignus
284 1546 436 1592 spiritus
456 1545 728 1582 abominandas
746 1545 994 1591 cogitationes
1010 1546 1255 1591 blasphemiae
1275 1545 1364 1581 mibi
1385 1545 1597 1589 immiserit,
1613 1548 1724 1583 toties

85 1606 128 1630 ex
152 1599 234 1630 voto
255 1593 426 1629 omnium
447 1593 723 1629 desideriorum
741 1603 911 1628 meorum
932 1592 1135 1629 ineffabilis
1155 1593 1237 1629 laus
1260 1596 1297 1629 ct
1313 1592 1520 1639 gratiarum
1538 1593 1636 1630 actio
1656 1595 1723 1631 tibi

86 1641 135 1678 sit
161 1641 199 1676 in
224 1646 425 1688 perpetuas
457 1640 704 1686 aeternitates,
732 1643 768 1676 et
797 1640 1033 1687 blasphemia
1056 1651 1125 1677 sua
1151 1651 1278 1677 secum
1313 1640 1360 1676 sit
1388 1640 1428 1676 in
1454 1641 1721 1688 perditionem.

89 1690 222 1725 Amen.

721 1897 901 1944 CAPUT
922 1896 1104 1945 LXXIV

89 2053 138 2081 DE
166 2053 310 2083 JUDAEIS
341 2053 488 2083 SIGNUM
515 2053 565 2081 DE
595 2053 706 2082 COELO
736 2054 1036 2092 QUAERENTIBUS,
1069 2056 1120 2083 ET
1153 2055 1203 2083 DE
1235 2054 1388 2084 SPIRITU
1416 2055 1600 2084 IMMUNDO
1632 2055 1726 2084 OLIM

758 2121 903 2151 EJECTO
923 2122 973 2150 AB
998 2122 1074 2151 EIS.

725 2227 890 2266 Matthaei
905 2239 986 2275 cap.
1008 2229 1086 2265 XII.

144 2366 156 2387 1
178 2352 375 2388 JunAEonuu
408 2363 512 2389 smNA
543 2363 587 2388 DE
616 2363 713 2389 cOELo
742 2365 872 2389 PETEN-

93 2410 177 2435 ‘siun
199 2411 294 2435 MALA
316 2411 495 2436 INTENTIO.
518 2421 563 2425 —
589 2400 720 2436 Finitis
746 2404 873 2437 autem

90 2445 216 2482 verbis
236 2446 386 2482 Domini
398 2448 578 2484 adversus
596 2448 873 2494 blasphemiam

92 2493 309 2530 Scribarum
335 2498 371 2530 et
398 2495 691 2540 Pharisoeorum,
721 2496 873 2541 quidam

93 2550 137 2575 ecc
163 2543 215 2576 eis
240 2541 491 2587 procaciores,
520 2542 689 2578 volentes
714 2542 873 2589 experiri

92 2587 323 2624 voluntatem
367 2588 516 2634 Christi,
539 2592 577 2625 et
608 2601 743 2636 capere
773 2600 872 2634 eum,

91 2636 355 2680 responderunt
381 2636 428 2681 ei,
457 2637 614 2672 dicentes
643 2650 652 2672 :
681 2640 872 2681 Magister,

95 2683 260 2718 volumus
287 2694 309 2718 α
336 2687 368 2718 te
397 2686 543 2727 siquam
569 2685 706 2726 videre,
735 2684 876 2720 scilicet

96 2738 172 2780 non
210 2730 486 2776 quodcumque,
519 2732 585 2767 sed
623 2732 666 2767 de
701 2733 798 2773 codo,
835 2734 878 2767 ut

96 2775 186 2812 ahhi
221 2780 387 2815 notatur.
415 2779 654 2826 Reputabant
678 2778 778 2816 enim
804 2778 874 2817 mi-

943 2352 1072 2389 racula
1092 2351 1229 2389 Christi
1255 2363 1385 2399 parva,
1409 2364 1453 2390 eo
1480 2354 1580 2400 quod
1602 2358 1726 2400 erant,

942 2403 982 2436 ut
1016 2399 1281 2445 communiter,
1315 2400 1414 2437 circa
1438 2400 1643 2447 inferiora;
1667 2407 1726 2439 ut-

942 2450 1027 2493 pote
1060 2447 1158 2483 circa
1179 2447 1359 2484 sanitates
1381 2459 1582 2495 corporum
1609 2453 1646 2485 et
1681 2449 1728 2486 si-

943 2494 1060 2530 milia.
1093 2495 1180 2530 Ideo
1206 2496 1429 2541 quaerebant
1458 2497 1504 2533 ab
1542 2507 1586 2532 eo
1618 2496 1728 2543 signa

944 2541 1026 2577 fieri
1064 2541 1163 2578 circa
1196 2553 1355 2588 corpora
1392 2542 1583 2589 coelestia,
1630 2544 1726 2580 sorte

944 2599 1082 2624 manna
1105 2589 1347 2635 descendere,
1369 2593 1410 2626 ut
1432 2594 1602 2636 tempore
1623 2592 1725 2637 Moy-

945 2636 1000 2680 si;
1030 2636 1087 2672 vel
1115 2647 1249 2673 sonare
1288 2638 1467 2682 tonitrua,
1496 2639 1592 2674 sicut
1631 2643 1725 2673 tem-

944 2693 1035 2729 pore
1057 2684 1254 2728 Samuelis,
1275 2685 1377 2730 quod
1400 2695 1578 2730 magnum
1600 2684 1668 2719 suit
1688 2684 1728 2720 in

946 2730 1148 2768 Palaestina
1184 2735 1352 2778 tempore
1389 2732 1544 2776 aestatis,
1575 2734 1730 2778 propter

945 2778 1132 2815 defectum
1143 2779 1325 2825 materiae,
1339 2782 1376 2816 et
1390 2779 1599 2826 potentiam
1615 2789 1729 2825 agen-
