1894 3186
320 203 370 236 DE
408 202 670 236 MlNlSTERIO
710 202 896 236 MARTHAE
936 201 988 234 Er
1027 200 1125 233 OTIO
1165 199 1312 232 MARLE
1351 197 1485 231 MAGD.
1678 194 1735 228 117

88 270 227 306 rodunt
247 280 377 306 ornnes
408 269 507 316 quod
533 270 797 316 contemplatio
820 272 875 305 est

87 318 234 353 melior.
258 339 302 343 —
323 317 404 353 Alia
431 320 555 352 autem
578 316 675 352 actio
697 322 767 361 ost,
790 329 872 363 qua}

88 365 258 411 sequitur
275 363 646 410 contemplationem,
667 366 874 411 procedens

88 423 130 447 cx
161 411 394 459 plenitudine
408 411 758 457 contemplationis·,
781 412 875 448 sicut

88 462 144 495 «st
169 460 302 495 docere
322 462 358 495 et
388 458 425 494 in
446 458 629 504 regimine
661 460 873 496 animarum

90 507 275 549 laborare,
299 510 333 542 et
362 506 579 552 huiusmodi
600 517 714 552 opera
737 508 871 543 facore.

89 555 129 588 ilt
153 554 198 589 de
220 553 282 589 tali
307 553 452 590 actione
473 553 602 590 dicunt
622 554 751 600 aliqui,
775 554 871 601 quod

86 603 142 635 est
164 600 297 636 melior
330 601 411 647 ipsa
438 600 779 647 coiitemplaiione;
809 603 873 637 scil

87 648 132 683 ile
153 647 225 683 ista
245 648 390 684 actione
413 659 486 684 non
506 649 669 694 loquitur
688 649 746 684 liic
769 649 874 691 Chri-

86 699 179 739 stus,
195 698 233 731 ut
249 699 350 742 patet
367 696 612 732 intuentibus.
630 696 873 732 14Ιί11010(Ιί-

87 746 175 778 cunt
197 743 295 788 quod
313 743 427 779 etiam
449 745 519 779 ista
538 743 684 779 actione
705 747 873 779 contem-

89 790 202 834 3·latio
228 791 361 826 melior
381 794 449 835 est,
485 790 573 837 quia
602 791 639 826 id
663 792 763 837 quod
785 791 872 826 sim-

86 836 232 881 pliciter
252 838 496 884 prceeligitur,
520 839 668 874 videtur
692 849 773 874 esse
795 849 872 874 ine-

88 884 157 920 lius
178 885 362 930 absolute,
391 896 503 931 quam
517 885 553 922 id
570 886 668 932 qimd
686 886 871 932 praeeligi-

87 937 148 967 tur
174 931 213 967 in
229 943 318 968 casu
338 944 346 977 ;
365 933 429 968 sed
446 933 713 979 contemplatio
736 937 791 969 est
807 944 873 979 por

87 990 127 1015 se
147 979 336 1025 eligenda,
356 991 444 1016 cura
456 984 579 1017 autem
598 980 810 1016 animarum
834 980 870 1016 in

87 1037 175 1062 casu
190 1027 425 1063 necessitatis
445 1028 619 1064 fraterna]
639 1031 695 1063 est
719 1027 872 1074 suscipi-

88 1074 197 1109 vada.
217 1075 320 1110 Unde
336 1076 566 1119 Auqustinzcs
584 1087 591 1110 :
615 1089 630 1108 «
650 1075 773 1111 Otium
791 1086 873 1111 san-

89 1123 188 1156 stum
210 1121 343 1167 quaerit
358 1123 507 1166 caritas,
526 1122 717 1168 negotium
729 1124 872 1168 justum

87 1168 240 1214 suscipit
252 1170 455 1204 necessitas
470 1169 655 1213 caritatis;
669 1180 783 1214 quain
798 1181 873 1206 sar-

84 1215 221 1260 cinam,
254 1215 283 1251 si
318 1216 444 1251 nullus
476 1216 647 1262 imponit,
681 1217 871 1253 intuendae

87 1262 456 1299 veritativacandum
468 1267 523 1299 est
538 1276 545 1308 3
560 1264 588 1299 si
605 1266 730 1300 autem
748 1265 871 1310 impo-

87 1309 204 1354 nitur,
225 1310 463 1356 suscipienda
480 1315 550 1355 est,
565 1316 720 1357 propter
735 1313 870 1348 carita-

86 1358 135 1393 tis
155 1357 440 1393 neccessitatem
462 1369 469 1393 :
492 1373 504 1391 »
528 1359 607 1394 liaec
629 1360 869 1403 Auqustz'mcs.

135 1407 153 1440 5
172 1406 261 1441 Vim
278 1417 403 1441 Α101111
434 1418 476 1441 ET
498 1417 788 1442 coxrsiirLiirivA
807 1419 873 1442 PER

88 1463 178 1488 DUAS
193 1464 349 1488 sononsss
370 1464 557 1489 FIGURATA.
573 1475 618 1479 —-
633 1456 696 1489 Hce
712 1455 795 1489 duze
817 1465 874 1490 so-

87 1510 194 1536 rores
215 1500 372 1536 Domino
389 1500 549 1545 dilectae,
566 1501 707 1537 scilicet
726 1503 872 1537 Martha

89 1549 125 1599 ct
143 1547 274 1592 Maria,
297 1548 390 1584 duas
407 1548 502 1584 vitas
519 1549 782 1584 demonstrant
802 1549 874 1594 spi-

89 1594 256 1637 rituales,
268 1596 402 1640 quibus
414 1605 580 1641 praesens
595 1599 788 1631 exercetur
803 1598 872 1631 Eo-

89 1641 213 1694 clesia.
222 1643 371 1694 *Martha
383 1643 517 1689 figurat
525 1642 697 1688 activam,
710 1653 782 1688 qua
791 1654 875 1689 pro-

89 1699 188 1724 ximo
220 1700 257 1724 in
289 1690 444 1725 caritate
474 1690 724 1733 associamur3
759 1690 876 1726 Maria

88 1746 177 1771 vero
192 1737 673 1783 contemplativam,quain
690 1737 754 1773 Dei
767 1748 873 1773 aino-

88 1793 129 1818 re
150 1783 395 1829 suspiramus.
423 1786 527 1821 Unde
550 1796 625 1820 non
648 1784 779 1828 Maria,
810 1785 875 1820 sed

89 1831 234 1867 Martha
267 1831 453 1868 Christum
494 1832 703 1878 suscepIsse
741 1832 877 1867 dicitur
908 1856 910 1874 2

88 1877 128 1913 in
150 1878 260 1915 domo
279 1890 372 1923 sua3
397 1879 515 1916 Maria
540 1880 640 1916 enim
667 1890 743 1915 non
764 1880 878 1915 habet
909 1876 910 1894 *

89 1925 255 1972 domum,
278 1927 365 1973 quia
382 1927 458 1963 vita
478 1926 767 1973 contemplativa
801 1937 878 1962 om-
909 1945 910 1968 ᾗ
1447 1967 1450 1971 .
1698 1962 1704 1967 .

909 1969 910 1975 ’
951 1976 1057 2008 turus
1077 1982 1085 2014 3
1111 1980 1180 2005 nec
1202 1968 1253 2004 sic
1274 1965 1469 2003 abscondit
1492 1964 1675 2000 talentum
1697 1972 1735 1997 in

95 1983 182 2008 nem
203 1975 313 2020 hujus
334 1974 447 2010 seculi
471 1975 616 2021 spernit
635 1975 775 2010 habere
794 1985 877 2020 pos-

96 2020 316 2057 sessionem.
343 2021 486 2058 Sufficit
512 2023 545 2058 ei
582 2022 628 2058 ad
654 2022 769 2068 pedes
802 2023 876 2056 Do-

99 2067 191 2103 mini
215 2070 359 2114 sedere,
385 2073 421 2105 et
443 2070 599 2106 verbum
628 2068 694 2105 Dei
729 2079 878 2114 semper

97 2115 242 2160 audire,
264 2127 306 2153 ac
328 2120 498 2152 mentem
517 2118 640 2163 potius
658 2126 769 2162 quam
790 2126 878 2151 ven-

95 2165 190 2199 trem
210 2164 366 2200 nutrire.
390 2164 534 2201 Sufficit
551 2163 598 2208 ei,
626 2163 780 2200 remotis
802 2174 879 2198 om-
910 2197 911 2204 ,

95 2210 204 2249 nibus
216 2212 314 2248 curis
331 2215 369 2247 et
386 2211 713 2255 sollicitudinibus,
726 2210 877 2246 lectioni
910 2220 912 2226 ‘

94 2261 131 2295 et
158 2258 319 2295 orationi
356 2259 504 2295 assidue
539 2258 728 2303 insistere,
767 2260 803 2294 et
841 2257 878 2292 in
911 2265 912 2282 i

95 2306 161 2342 Dei
200 2306 515 2352 contemplatione
558 2316 707 2351 vacare,
748 2305 880 2341 crebra

98 2363 246 2400 quoque
291 2354 541 2400 lacrymarum
575 2353 878 2399 compunctione,

98 2412 166 2448 pro
185 2404 423 2448 peecatorum
439 2400 659 2438 remissione
680 2403 715 2436 et
726 2402 879 2435 aeternae

98 2449 183 2485 vitas
200 2448 434 2494 susceptione
445 2448 658 2485 dulcissime
673 2448 876 2494 suspirare.

96 2497 204 2533 Tales
225 2495 326 2532 enim
356 2496 554 2542 Prophetae
583 2496 760 2538 fuerunt3
786 2493 880 2529 tales

98 2547 135 2580 et
153 2543 340 2590 Apostoli3
363 2543 454 2579 tales
470 2546 505 2579 et
526 2542 636 2579 multi
657 2541 735 2586 alii,
752 2542 880 2577 omnia

99 2591 370 2636 relinquentes,
402 2591 584 2627 mundum
608 2589 807 2634 fugientes,
837 2598 879 2623 ac

100 2638 257 2674 Domino
285 2637 537 2682 adhaerentes,
569 2640 756 2682 tamquam
785 2635 881 2670 nihil

101 2686 269 2721 habentes
295 2688 328 2719 et
348 2687 470 2721 omnia
492 2684 729 2731 possidentes.
752 2681 881 2718 Activa

103 2742 189 2767 vero
201 2733 278 2768 vita
292 2731 439 2772 dicitur.
457 2732 545 2779 quia
560 2741 708 2777 semper
725 2731 766 2766 in
781 2732 879 2772 actu,

103 2789 251 2824 semper
268 2779 307 2814 in
324 2779 543 2826 fatigatione
559 2782 596 2815 et
613 2778 741 2814 labore
757 2779 826 2820 est,
845 2779 882 2811 et

103 2825 161 2861 vix
187 2825 387 2872 aliquando
414 2826 454 2862 in
482 2826 606 2873 quiete
633 2828 755 2872 potest
784 2834 879 2860 esse.

954 267 1059 304 Unde
1082 267 1141 302 liic
1162 266 1207 301 de
1225 265 1369 301 Martha
1387 263 1534 304 dicitur,
1558 262 1645 308 (pila
1663 263 1736 314 ssit'

953 316 1084 360 afflabat
1096 316 1192 350 eirca
1202 315 1377 357 frequens
1390 313 1646 347 ministrnm.
1671 311 1712 345 Vi
1722 329 1734 334 —

953 364 1084 399 demus
1105 361 1205 397 enim
1222 361 1359 395 multos
1376 358 1628 395 Est-testarum
1640 367 1734 404 pra:-

951 410 1095 456 positos
1122 411 1158 444 et
1182 407 1386 450 ministros,
1409 417 1452 441 ac
1476 406 1614 441 multos
1642 404 1736 439 alios

952 457 1110 493 sollicite
1122 455 1346 497 discurrere,
1359 454 1544 494 laborare.
1561 456 1734 496 minare,

952 508 987 540 et
1018 503 1142 540 multis
1164 502 1285 539 modis
1308 502 1467 537 fratrum
1490 504 1523 535 ct
1550 499 1735 545 proximo—

950 563 1033 588 rum
1062 549 1363 593 necessitatffius,
1395 551 1431 584 et
1464 546 1734 583 iiii÷.·:ii··t›rdiae

951 599 1128 645 operibus
1144 597 1337 640 insudare,
1354 598 1393 631 ut
1411 606 1475 631 eos
1492 606 1638 639 qnoque
1658 603 1734 628 non

950 646 1140 682 immerito
1163 645 1260 681 circa
1283 644 1459 688 frequens
1487 641 1736 676 initii-terium

951 698 1121 740 satagere
1136 693 1317 729 dicamus.
1335 692 1378 726 Et
1391 689 1475 725 ideo
1488 688 1599 724 Mai-ia
1620 687 1738 731 sedet,

952 743 1038 787 quia
1071 739 1375 786 contemplativa,
1400 737 1540 784 pacatis
1563 735 1736 787 xitiorum

951 789 1188 832 tumultibus,
1227 790 1354 834 optata
1390 786 1469 829 jam
1519 786 1551 818 iii
1590 784 1737 819 Christo

952 836 1077 881 quiete
1089 835 1226 871 mentis
1242 833 1466 880 perfruitum
1485 831 1629 866 Martha
1647 839 1734 864 vero

951 887 1038 927 stat,
1077 882 1165 929 quia
1191 882 1313 918 activa
1352 878 1544 916 laboriosa
1580 875 1736 912 desudat

950 930 988 966 in
1016 930 1236 966 certamine.
1268 928 1370 965 Unde
1397 927 1450 963 ait
1475 927 1706 967 Aisfsustzssnus
1728 935 1737 958 z

954 994 969 1008 κ
999 979 1275 1013 Romanserunt
1314 986 1402 1021 ergo
1442 973 1481 1008 in
1509 973 1571 1008 illa
1608 972 1736 1014 domo,

951 1036 1032 1070 quae
1058 1027 1273 1070 susceperat
1294 1021 1509 1062 Dominum,
1534 1021 1568 1055 in
1591 1018 1737 1054 duabus

950 1072 1101 1107 feminis
1125 1073 1210 1107 duze
1230 1070 1329 1114 vitto,
1356 1069 1477 1105 atilli-”O
1500 1068 1734 1108 innocentes,

949 1121 1070 1155 ambre
1092 1118 1314 1155 laudabiles.
1349 1118 1429 1152 Una
1457 1115 1660 1156 laluiniosa,
1683 1112 1737 1147 al-

948 1170 1030 1202 tera
1041 1166 1175 1209 otiosa,
1193 1165 1296 1201 nulla
1309 1164 1533 1205 saeinorosa.
1553 1170 1666 1211 ‹pizini
1681 1169 1739 1195 ea-

949 1225 1035 1249 vere
1057 1214 1167 1249 debet
1181 1211 1383 1254 laboriosa,
1404 1210 1506 1245 nulla
1533 1207 1734 1251 desidiosa,

950 1271 1063 1306 quam
1075 1271 1206 1296 cavere
1223 1260 1334 1295 debet
1353 1257 1486 1293 otiosa.
1510 1257 1625 1290 Erant
1644 1263 1734 1298 ergo

949 1308 986 1343 in
1006 1309 1117 1344 domo
1152 1307 1216 1343 illa
1260 1306 1342 1342 duce
1367 1305 1452 1340 vitae
1478 1306 1511 1339 et
1550 1302 1629 1347 ipse
1656 1301 1738 1336 sons

948 1355 1035 1391 vita}
1057 1367 1064 1391 :
1088 1369 1106 1387 »
1129 1355 1209 1391 haee
1243 1354 1487 1397 Auqustinas.
1512 1351 1574 1385 liar
1613 1351 1737 1384 autem

950 1403 1127 1439 mulieres
1143 1400 1450 1449 prudentissimis
1472 1397 1588 1434 totius
1612 1395 1737 1448 Eccle-

950 1450 1091 1486 siastici
1134 1449 1318 1486 exercitus
1356 1448 1468 1483 duces
1511 1448 1549 1497 et
1586 1453 1736 1494 przevige

950 1502 1052 1534 sunt.
1076 1499 1148 1533 Has
1169 1500 1294 1532 cetera
1313 1496 1425 1530 turba
1444 1495 1617 1544 sequitur
1640 1502 1648 1526 ε
1670 1490 1734 1526 alii

948 1549 1034 1591 post
1058 1545 1256 1587 Martham,
1285 1541 1347 1578 alii
1384 1544 1468 1587 post
1491 1543 1645 1575 Mariam
1669 1547 1736 1572 va-

950 1594 1054 1627 dunt.
1089 1591 1186 1627 Nulli
1208 1589 1308 1626 enim
1330 1590 1519 1624 coelestem
1543 1586 1646 1621 illam
1670 1594 1736 1631 pa-

948 1640 1060 1675 trIam
1083 1637 1359 1685 ingrediuntur,
1386 1634 1460 1671 nisi
1484 1633 1542 1679 qui
1564 1634 1662 1667 lianc
1679 1631 1738 1667 vel
1769 1678 1779 1687 θ

949 1687 1053 1722 illam
1078 1687 1301 1731 sequuntur.
1336 1683 1408 1719 Sed
1440 1682 1479 1717 in
1501 1681 1559 1716 liis
1582 1688 1736 1731 necesse

951 1738 1020 1777 est,
1047 1737 1085 1769 ut
1105 1731 1361 1778 unusquisque
1378 1729 1476 1765 vires
1499 1739 1584 1763 51115
1611 1736 1734 1779 coiiS13

952 1783 1071 1825 deret,
1093 1783 1130 1816 et
1153 1780 1199 1815 ad
1233 1778 1331 1824 quod
1351 1788 1444 1822 opus
1473 1775 1596 1821 aptior
1617 1777 1675 1826 sit:
1698 1774 1735 1809 Si

952 1829 1053 1865 enim
1066 1828 1112 1864 ad
1127 1825 1483 1871 contemplationem
1498 1822 1541 1858 sit
1558 1821 1733 1865 habilior,

953 1881 989 1913 et
1010 1876 1056 1912 ad
1072 1874 1256 1911 orandum
1270 1871 1541 1915 devotior,tute
1558 1872 1734 1921 ssa-trans-

952 1925 1048 1960 ferat
1073 1923 1121 1959 ad
1147 1931 1314 1958 eremum
1335 1930 1401 1965 pro
1427 1929 1466 1954 se
1487 1921 1522 1953 et
1546 1917 1628 1952 aliis
1654 1924 1737 1950 ora-

950 2023 1065 2061 terra,
1088 2017 1154 2053 sed
1185 2015 1223 2051 in
1247 2014 1420 2057 Domino,
1445 2012 1529 2048 licet
1552 2022 1625 2047 non
1644 2020 1739 2056 prce-

952 2067 1063 2109 dicet,
1087 2064 1176 2110 quia
1192 2063 1376 2099 talentum
1398 2059 1579 2096 orationis
1616 2061 1651 2093 et
1672 2057 1737 2093 de-

951 2112 1114 2149 votionis
1133 2111 1171 2146 in
1193 2121 1264 2156 quo
1287 2108 1447 2155 amplius
1469 2106 1580 2150 valet,
1604 2108 1640 2141 et
1660 2114 1737 2139 ine-

952 2161 1085 2196 liorem
1130 2169 1168 2194 se
1205 2156 1332 2200 sentit,
1373 2154 1546 2191 omnibns
1582 2154 1736 2203 erogat;

952 2219 1021 2244 nee
1041 2207 1149 2253 piger
1181 2203 1254 2240 dici
1293 2203 1417 2246 debet,
1459 2201 1520 2246 qui
1559 2204 1659 2235 totus
1692 2208 1736 2251 'in

953 2257 1083 2291 sancta
1102 2251 1302 2289 devotione
1321 2253 1356 2286 et
1369 2248 1552 2291 oratione,
1567 2245 1735 2299 jejuniis,

954 2306 991 2338 et
1010 2300 1160 2347 vigiliis,
1183 2301 1219 2334 et
1240 2297 1414 2344 lacrymis
1437 2298 1505 2332 est.
1529 2297 1573 2330 Et
1593 2295 1639 2346 de
1660 2295 1736 2328 vita

954 2349 1075 2385 activa
1104 2346 1289 2392 similiter,
1311 2355 1378 2380 suo
1400 2343 1526 2387 inodo,
1553 2351 1679 2387 accipe
1700 2343 1737 2376 et

954 2396 1136 2440 intellige.

1003 2447 1023 2479 6
1045 2443 1250 2482 UTRIUSQUE
1280 2451 1370 2475 vim:
1398 2448 1548 2474 orricm.
1577 2455 1620 2461 —
1652 2435 1733 2486 Nnon

955 2494 1085 2527 tamen
1114 2489 1158 2524 fit
1184 2487 1317 2524 divisio
1352 2486 1450 2522 inter
1482 2485 1550 2519 has
1590 2491 1733 2528 species

957 2538 1057 2583 vitae,
1081 2535 1188 2583 quasi
1209 2546 1276 2582 per
1293 2533 1479 2580 opposita,
1500 2530 1565 2583 sed
1584 2540 1651 2576 per
1676 2528 1735 2581 of-

956 2585 1067 2629 sicia;
1103 2582 1332 2620 conveniunt
1371 2579 1470 2617 enim
1511 2580 1626 2629 etiam·
1664 2585 1736 2611 eis-

957 2633 1058 2676 dem,
1096 2631 1162 2667 sed
1202 2628 1327 2666 officia
1361 2628 1501 2663 habent
1543 2625 1732 2673 distincta.

957 2679 1109 2716 Activus
1132 2677 1232 2714 enim
1259 2686 1357 2722 szepe
1388 2678 1445 2711 est
1477 2669 1734 2715 contcmplati-

956 2737 1050 2770 vus;
1074 2728 1124 2770 et,
1144 2736 1164 2761 e
1184 2733 1379 2766 converso,
1401 2720 1465 2767 qui
1483 2723 1605 2771 tamen
1620 2718 1735 2751 deno-

961 2775 1128 2810 minatur
1143 2773 1189 2808 ab
1204 2771 1336 2815 altera,
1350 2769 1455 2814 eujus
1470 2767 1610 2818 scilicet
1628 2762 1736 2808 plura

962 2826 999 2858 et
1019 2819 1255 2867 frequentius
1277 2818 1372 2864 gerit
1394 2815 1530 2852 officia.
1556 2812 1649 2849 Sunt
1666 2819 1734 2846 au-
