1894 3186
227 184 279 216 DE
318 181 642 215 IMPEDIMENTIS
682 183 1006 219 PERFECTIONIS
1045 186 1094 219 ΕΤ
1132 188 1338 224 SEOUELAE
1376 189 1570 225 CHRISTI.
1690 197 1727 228 65

94 258 249 303 petuum
271 254 380 291 mori.
414 253 449 290 Si
473 254 532 289 ille
553 264 620 300 pro
643 254 752 290 nobis
774 266 874 291 mor-

94 306 182 339 tuus
203 307 272 346 est,
292 302 355 348 qui
375 312 449 337 non
466 301 713 347 p0t‹=1=at‚uisi
738 303 872 338 voluis-

95 354 165 395 set,
185 353 325 396 quanto
361 347 480 393 magis
511 359 579 384 nos
609 359 674 394 pro
710 360 754 385 eo
776 350 871 385 mori

95 398 290 440 debemuS,
310 395 373 441 qui
394 395 462 431 etsi
484 397 670 439 nolumus,
695 398 872 433 mortales

93 448 220 481 tamen
245 443 400 479 sumus?
417 443 452 479 Si
477 443 654 478 Dominus
677 454 742 489 pro
764 456 871 480 servo

95 497 268 529 mortuus
305 493 374 533 est,
410 493 445 525 et
483 491 553 525 hor
581 490 661 526 sine
700 492 869 536 praemio,

91 538 230 585 justius
252 541 309 573 est
327 541 369 573 ut
389 548 519 573 servus
533 548 598 583 pro
617 538 773 573 Domino
797 549 872 574 mo-

92 585 224 629 riatur,
244 589 280 621 et
301 586 371 620 hoc
399 595 481 620 cum
505 585 679 630 praemio!
709 586 811 621 Unde
835 589 872 621 et

90 633 341 677 Auyustz'nus:
358 646 374 665 «
392 633 471 667 Non
491 632 653 667 hahebat
674 632 733 668 ille
754 644 869 678 quare

93 685 318 722 moreretur,
339 682 374 714 et
395 683 564 714 mortuus
580 684 632 714 est
651 691 658 723 ;
682 682 717 714 tu
740 680 868 723 hahes,

93 730 130 764 et
159 738 274 773 quire
309 726 403 762 mori
435 725 681 772 dedignaris?
710 727 869 769 Dignare

91 785 199 820 aequo
221 773 347 810 animo
372 773 448 819 pati
471 784 538 819 per
558 773 733 809 meritum
750 780 868 819 tuum,

91 822 190 868 quod
221 821 283 857 ille
316 821 391 867 pati
428 820 603 866 dignatus
625 826 694 865 est,
718 826 755 856 nt
786 826 820 857 te
848 834 869 857 a

91 868 322 915 sempiterna
349 871 468 904 morte
499 868 689 904 liberaret.
722 882 737 901 i)
763 868 869 904 Circa

89 915 311 963 praedictum
323 915 865 961 secundumimpedimentum,

88 967 178 999 nota
200 963 257 998 hie
278 974 345 1009 pro
368 962 616 998 {edificatione
639 964 864 1008 exemplum.

89 1012 182 1046 Nam
216 1021 299 1045 cum
334 1010 485 1056 quidam
523 1011 729 1045 monachus
751 1011 867 1045 devo-

88 1057 190 1094 tione
212 1062 334 1093 motus
352 1057 465 1092 vitam
488 1062 677 1093 austeram
699 1058 865 1101 duceret,

90 1108 127 1141 et
152 1108 329 1150 parentes
346 1104 416 1148 sui,
441 1106 508 1140 hoc
528 1104 692 1149 cognito,
716 1105 760 1140 ad
782 1115 867 1140 eum

42 1167 45 1169 ·
88 1152 281 1187 venientes
300 1154 419 1198 ipsum
435 1163 546 1197 super
559 1152 627 1186 hoc
649 1155 865 1196 arguerent,

88 1199 164 1235 tale
196 1198 249 1234 eis
283 1198 385 1234 dedit
419 1209 654 1244 responsum,
695 1198 797 1233 cordi
831 1203 867 1234 et

88 1246 282 1281 memoriae
300 1246 641 1281 commendandum
664 1257 672 1280 z
692 1247 812 1281 Tanta
830 1249 867 1281 et

86 1294 177 1329 talia
203 1292 342 1336 audivi,
368 1297 404 1328 et
427 1292 498 1337 legi
533 1293 578 1327 de
605 1293 679 1328 vita
706 1297 863 1338 aeterna,

87 1340 187 1386 quod
224 1351 299 1375 non
323 1351 413 1376 curo
446 1343 626 1385 quantum
664 1340 753 1375 mihi
779 1352 866 1376 con-

87 1390 174 1431 stet,
198 1391 233 1422 et
254 1387 342 1432 quid
366 1387 570 1433 expendam
593 1397 659 1432 pro
676 1398 732 1422 ea.

135 1438 155 1470 6
176 1435 262 1477 Quis
278 1446 374 1469 Aiion
387 1446 573 1470 mnemon
592 1446 632 1468 ET
651 1446 768 1469 ANIMAE
784 1446 866 1470 rno-

86 1493 175 1517 PRIAE
195 1493 217 1517 A
244 1484 397 1517 CflmsTo
428 1493 659 1517 exeneniTun.
694 1502 739 1506 —
760 1482 865 1524 Quod

88 1532 212 1565 autem
237 1528 327 1564 dicit
347 1530 542 1564 Matthaeus
575 1529 620 1563 de
643 1539 713 1563 non
736 1539 864 1564 amare

87 1579 248 1621 patrem,
278 1579 313 1611 et
340 1575 612 1620 hujuscemodi,
642 1575 724 1620 plus
751 1586 863 1620 quam

86 1623 291 1665 Christum,
314 1623 385 1657 hoc
408 1623 522 1658 refert
543 1623 659 1657 Luras
675 1622 719 1657 de
741 1622 861 1665 odire,

86 1669 215 1705 dicens
238 1681 245 1704 :
271 1671 311 1705 Si
338 1671 421 1714 quis
447 1671 545 1704 veuit
576 1670 624 1703 acl
658 1680 725 1711 me,
750 1669 784 1704 id
807 1674 862 1704 est,

86 1717 163 1752 vult
196 1718 324 1752 venire
356 1727 423 1762 per
453 1716 566 1751 fidem
588 1716 775 1751 credendo
804 1716 860 1751 x‘el

86 1766 223 1799 statum
265 1763 505 1809 perfectionis
544 1764 785 1806 assumendo,
828 1767 861 1798 et

85 1821 155 1846 non
183 1811 259 1846 odet
283 1814 425 1856 patrem
448 1821 567 1853 suum,
590 1814 621 1845 et
642 1814 807 1854 matrem,
829 1814 861 1845 et

85 1868 211 1901 umore,
232 1862 301 1892 met
314 1859 422 1903 filios,
441 1862 473 1892 et
492 1859 641 1901 fratres,
658 1862 692 1893 ct
707 1868 858 1900 sortwcs,

85 1905 205 1940 adhue
226 1909 345 1940 autem
366 1909 399 1940 et
427 1907 587 1940 (mitreum
606 1916 723 1948 suum,
748 1905 783 1939 id
805 1908 860 1939 est

84 1951 370 1996 animalitatem,
388 1955 424 1987 et
445 1952 557 1987 vitam
573 1952 773 1987 animalem
794 1963 859 1987 seu

84 1999 335 2044 corporalem,
360 2010 443 2035 eam
465 2000 743 2034 contemnendo
777 2010 860 2044 pro-

83 2049 167 2091 pter
202 2047 334 2089 Deum,
374 2049 526 2091 paratus
561 2057 658 2089 eam,
699 2046 728 2081 si
766 2057 861 2091 opus

85 2092 211 2136 fuerit,
234 2104 301 2138 pro
334 2093 407 2129 fide
433 2104 636 2139 exponere,
660 2096 695 2128 et
719 2093 861 2138 eligens

84 2140 201 2175 occidi
223 2140 348 2186 potius
369 2151 479 2186 quam
500 2140 535 2175 in
552 2142 668 2176 Deum
690 2152 859 2186 peccare,

84 2187 165 2233 ejus
190 2187 461 2233 acquiescendo
489 2187 684 2223 desideriis
705 2187 861 2223 carnali-

83 2234 167 2278 bus,
189 2246 258 2270 uon
279 2239 396 2281 potest
422 2246 520 2270 meus
543 2246 616 2270 csse
639 2236 858 2280 discipulus,

84 2282 184 2327 quod
222 2283 329 2318 valde
356 2283 580 2318 damnosum
602 2286 670 2325 est,
693 2283 780 2328 quia
805 2285 860 2317 cst

86 2331 244 2373 Veritas,
260 2332 392 2365 etvera
404 2331 522 2365 docet.
536 2331 614 2365 Non
630 2330 754 2365 dicere
769 2329 858 2373 vult,

84 2376 184 2421 quod
217 2377 515 2422 propinquorum
551 2381 724 2412 naturam
753 2376 840 2411 odia

82 2433 181 2467 mus,
206 2424 268 2458 sed
291 2435 336 2459 ea
364 2424 496 2469 quibus
524 2424 632 2460 nohis
657 2426 693 2459 in
726 2423 859 2459 itinere

85 2470 148 2505 Dei
170 2470 370 2515 obsistunt,
391 2475 426 2506 et
460 2482 529 2506 nos
562 2470 785 2516 impediunt,
814 2482 858 2506 ne

84 2517 131 2552 ad
153 2517 341 2553 Christum
370 2518 454 2554 fide*
468 2522 504 2553 et
525 2518 680 2554 caritate
703 2519 858 2554 acceda-

84 2573 180 2600 mus.
204 2565 332 2600 Nullus
354 2565 453 2601 enim
468 2566 553 2601 odio
570 2569 625 2601 est
646 2566 857 2609 habendus,

82 2610 229 2647 etiamst
261 2612 308 2647 sit
344 2613 476 2648 malus.
521 2613 624 2648 Unde
662 2614 806 2648 Boe-taes
847 2625 857 2646 .·

86 2671 105 2690 «
122 2659 231 2704 Apud
250 2658 438 2705 sapientes
459 2660 583 2696 nullus
603 2671 757 2706 prorsus
773 2659 857 2694 odio

84 2703 188 2740 locus
225 2706 451 2752 relinquitur
475 2734 484 2750 ,
512 2717 598 2742 nam
637 2707 755 2742 bonos
776 2705 859 2751 quis

84 2750 157 2803 nisi
185 2753 428 2790 stultissimus
466 2754 601 2798 oderit,
633 2754 752 2789 malos
772 2764 858 2788 vero

83 2797 223 2843 odisse,
256 2800 403 2837 ratione
440 2805 541 2837 caret
569 2812 577 2836 :
614 2812 702 2837 nam
742 2800 772 2836 si
807 2799 859 2836 uti

188 2862 279 2895 Vin
301 2864 387 2897 JEsu
410 2865 566 2906 Cnmsrx,
590 2874 702 2898 ‘somus
724 2865 772 2897 ΙΙ.

947 256 1334 302 corporumlauguor,
1360 258 1410 294 ita
1430 260 1613 298 vitiositas
1644 264 1727 309 qui-

947 304 1032 339 dem
1071 307 1126 339 est
1166 304 1269 349 quasi
1308 308 1459 341 morbus·
1494 309 1723 355 auimornu‘i,

946 362 1030 386 cum
1061 362 1183 395 aegros
1210 362 1366 397 corpore
1404 354 1555 391 minime
1590 357 1725 401 (lignos

946 398 1046 442 odio,
1069 399 1132 433 sed
1164 397 1289 443 potius
1324 399 1564 438 miseratione
1582 401 1726 448 judice-

946 456 1042 489 mus,
1081 445 1196 480 multo
1227 445 1343 489 magis
1373 458 1444 482 non
1485 449 1722 496 insequei‘idi,

946 492 1010 527 sed
1038 492 1239 527 miserendi
1266 497 1366 535 sunt,
1389 505 1546 539 quorum
1580 503 1724 534 mentes

946 539 1048 574 omni
1070 540 1251 584 languore
1270 540 1433 576 atrocior
1455 548 1560 583 urm-t
1583 544 1723 591 impro-

945 586 1042 622 bitas
1063 598 1070 621 :
1094 601 1111 619 »
1156 588 1234 621 hcec
1266 589 1423 623 Boetius.
1468 591 1571 626 Unde
1605 593 1725 628 exclu-

945 633 1046 669 ditur
1083 633 1142 669 hic
1179 634 1328 670 affectio
1365 636 1539 677 carnalis,
1581 638 1725 675 scilicet

944 691 1051 716 amor
1073 680 1310 717 inordinatus
1338 688 1538 728 parentum
1570 690 1605 720 et
1631 697 1724 721 con-

940 728 1170 773 junctorum,
1193 733 1229 764 et
1252 729 1321 764 hoc
1340 733 1395 764 est
1425 742 1539 766 uuum
1568 731 1724 778 impedi-

945 779 1113 811 mentum
1138 786 1251 821 supra
1272 778 1477 813 secundum
1507 781 1722 815 Matthzrum

943 822 1057 857 etiam
1093 823 1248 866 dictum,
1284 825 1384 869 quod
1418 826 1525 860 obest
1559 828 1722 872 sequelae

942 870 1078 905 ChrIsti
1095 876 1130 906 et
1149 870 1359 906 volentibus
1372 871 1499 907 venire
1517 874 1563 908 ad
1584 873 1720 919 ipsum.

944 916 1010 952 Ubi
1032 919 1247 952 Ambrosius
1272 930 1279 953 ε
1305 933 1322 950 «
1348 919 1493 954 Etenim
1519 920 1547 955 si
1569 926 1724 966 propter

942 967 977 999 te
1016 964 1196 1000 Dominus
1231 976 1307 1000 suae
1342 966 1571 1002 renuntiavit
1596 969 1724 1012 matri,

941 1011 1071 1047 dicens
1096 1023 1103 1046 :
1133 1014 1218 1054 chze
1248 1020 1299 1047 esc
1321 1022 1435 1047 numer
1458 1025 1549 1057 mea,
1573 1020 1636 1050 aut
1658 1019 1723 1061 qui

940 1060 1078 1101 fratres
1100 1061 1180 1097 mei.
1207 1070 1274 1094 cur
1302 1064 1338 1094 tu
1377 1060 1531 1097 nomino
1559 1065 1623 1097 tuo
1656 1074 1721 1099 cu—

943 1105 1023 1150 pias
1057 1105 1268 1141 anteferri?
1305 1107 1374 1141 Sed
1399 1118 1520 1152 neque
1547 1109 1722 1152 ignorare

942 1156 1130 1190 naturam.
1160 1164 1280 1197 neque
1309 1153 1447 1189 servire
1477 1161 1621 1191 naturae
1647 1159 1722 1192 Do*

942 1199 1065 1235 minus
1082 1200 1214 1245 jubet3
1235 1200 1299 1235 sed
1322 1200 1373 1236 ita
1391 1201 1587 1248 indulgere
1611 1207 1721 1239 natu-

943 1257 1008 1289 rae,
1022 1251 1064 1282 ut
1082 1247 1275 1282 veneraris
1290 1253 1498 1292 auctorem,
1516 1261 1583 1285 nec
1604 1261 1625 1285 a
1646 1252 1720 1286 Deo

941 1297 1141 1339 parentum
1163 1305 1292 1329 amore
1319 1295 1492 1332 desistas.
1518 1311 1534 1328 >)
1561 1298 1664 1333 Unde
1686 1302 1721 1333 ct

942 1342 1137 1385 Gregorius
1166 1354 1175 1376 :
1209 1341 1423 1387 «Quisquis
1458 1344 1536 1388 jam
1579 1349 1722 1380 aeterna

941 1387 1186 1434 concupiscit,
1214 1388 1251 1423 in
1278 1399 1322 1424 ea
1355 1400 1466 1434 quam
1500 1392 1719 1436 aggreditur

940 1446 1054 1471 causa
1076 1435 1155 1477 Dei,
1182 1439 1285 1470 extra
1309 1440 1467 1481 patrem,
1502 1443 1605 1474 extra
1632 1451 1720 1474 uxo-

940 1493 1033 1520 rem.
1057 1486 1160 1517 extra
1182 1482 1293 1524 tilios,
1320 1487 1422 1518 extra
1445 1489 1640 1530 cognatos,
1661 1498 1719 1521 ex-

939 1532 995 1563 tra
1017 1529 1258 1574 semetipsum
1280 1530 1358 1564 fleri
1383 1531 1505 1573 dehet,
1529 1537 1566 1567 ut
1588 1543 1631 1568 eo
1653 1545 1718 1569 ve-

939 1575 1018 1610 rius
1051 1579 1254 1628 cognoscat
1294 1578 1410 1611 Deum
1463 1588 1536 1623 quo
1567 1579 1604 1614 in
1638 1581 1722 1625 ejtis

938 1633 1050 1658 causa
1071 1634 1262 1658 neminem
1284 1625 1532 1669 recognoscit.
1556 1628 1715 1662 Amami

937 1680 1027 1715 ergo
1050 1673 1139 1705 sunt
1162 1670 1334 1715 proximi,
1354 1671 1607 1717 impendenda
1625 1674 1718 1709 cari-

936 1721 994 1752 tas
1025 1717 1197 1752 omnihus
1221 1721 1257 1752 et
1278 1718 1495 1763 propinquis
1529 1723 1564 1755 et
1594 1725 1715 1757 extra-

937 1763 1017 1799 neis
1031 1775 1038 1807 3
1054 1775 1120 1799 nec
1139 1768 1263 1799 tamen
1278 1775 1343 1810 pro
1366 1767 1496 1801 eadem
1518 1767 1674 1803 caritate
1694 1780 1716 1803 a

936 1810 999 1846 Dei
1014 1822 1142 1846 amore
1159 1812 1397 1847 flectendum.
1422 1813 1562 1849 Fideles
1578 1817 1715 1860 quique

935 1858 1212 1903 compatiantur
1229 1859 1407 1904 proximis
1422 1870 1488 1905 per
1505 1861 1714 1904 raritatem,

934 1904 987 1940 ita
1007 1909 1147 1949 tamen,
1168 1910 1208 1941 ut
1227 1906 1272 1941 de
1300 1906 1358 1941 via
1382 1907 1446 1942 Dei
1474 1919 1549 1943 non
1575 1909 1717 1945 exortu<

936 1956 1015 1988 tent
1036 1963 1101 1998 per
1120 1953 1433 1998 compassionem.
1458 1969 1475 1985 »
1504 1957 1715 1992 Secundum

934 1999 1263 2044 impedimentum,
1287 2005 1397 2036 etiam
1415 2002 1519 2047 ‚juxta
1542 2005 1714 2038 Mattha-

936 2057 996 2081 um
1015 2047 1092 2092 ,iam
1113 2058 1224 2092 supra
1244 2048 1422 2093 positum,
1441 2054 1497 2084 θεῖ
1516 2061 1622 2085 amor
1638 2062 1716 2087 rar—

935 2093 1029 2129 nalis
1062 2094 1278 2139 voluptatis,
1321 2099 1357 2130 et
1396 2097 1466 2131 hocv
1494 2097 1664 2142 tangitur
1685 2109 1706 2133 a

936 2142 1044 2184 Luca,
1066 2152 1150 2176 cum
1172 2141 1346 2177 subditur
1370 2154 1377 2177 :
1403 2146 1449 2178 Et
1476 2147 1540 2188 qui
1560 2156 1629 2179 mm
1657 2146 1715 2180 tui-

928 2188 1029 2232 julat
1064 2199 1202 2223 crucem
1224 2199 1326 2224 suum
1354 2193 1387 2225 et
1416 2194 1511 2226 reicit
1537 2195 1618 2237 post
1644 2204 1713 2236 mc,

933 2246 1002 2269 uon
1018 2239 1133 2280 potest
1159 2247 1256 2271 meus
1281 2248 1353 2271 esse
1371 2238 1587 2283 discipulus.
1606 2241 1711 2277 Nam.

933 2285 973 2317 ut
990 2282 1041 2317 ait
1062 2284 1350 2327 fflwysostomns,
1366 2286 1557 2329 perlectus
1575 2287 1715 2321 Christi

933 2329 1139 2374 discipulus
1156 2330 1287 2375 estqui
1304 2331 1431 2367 omnia
1454 2333 1551 2368 mala
1572 2333 1715 2378 patitur

933 2381 996 2411 aut
1015 2376 1089 2421 pati
1103 2380 1255 2422 paratus
1264 2382 1321 2412 est
1340 2382 1494 2424 proptrr
1507 2384 1513 2412 ‹
1525 2380 1711 2416 :hristunr

934 2424 985 2458 De
1005 2423 1064 2458 his
1085 2424 1233 2459 duobus
1254 2424 1535 2469 impedimentis
1550 2427 1629 2472 ⁴jam
1651 2439 1714 2463 su-

933 2481 1001 2515 pra
1027 2469 1169 2506 dictum
1209 2475 1266 2506 est
1297 2472 1421 2514 latius,
1446 2473 1567 2509 simile
1601 2474 1715 2510 etiam

934 2519 1049 2553 habes
1074 2517 1173 2553 infra
1194 2523 1283 2554 ante
1299 2519 1449 2554 Domini
1470 2521 1717 2567 transfigura—

934 2565 1088 2608 tionem,
1113 2566 1178 2600 sed
1200 2577 1275 2601 non
1296 2569 1352 2601 est
1372 2566 1484 2602 idem.

982 2627 1001 2658 7
1026 2613 1186 2648 Tamum
1224 2625 1493 2650 mrenmexrmi
1530 2626 1717 2650 PERFECTi·

933 2670 1014 2694 oxis
1041 2671 1082 2694 ET
1116 2672 1282 2700 sEQcELAE
1314 2662 1447 2696 nomm
1473 2674 1480 2697 :
1511 2674 1718 2697 mcoxsmss-

934 2718 1027 2742 RATA
1053 2719 1181 2742 MENTis
1201 2719 1362 2743 Levius.
1389 2730 1430 2733 —
1454 2709 1620 2744 Tertium
1643 2708 1715 2743 im-

934 2753 1193 2799 pedimentum
1213 2758 1268 2790 est
1284 2755 1565 2791 inconsiderata
1583 2755 1715 2791 levitas

934 2800 1085 2847 mentis,
1114 2812 1188 2849 qua
1215 2801 1296 2848 quis
1320 2802 1524 2849 impeditur
1542 2813 1564 2838 a
1584 2812 1713 2847 perse-

1596 2865 1616 2899 5
