1853 3186
668 451 1162 542 VITAE‚

730 661 870 693 DOMINI
890 660 1034 691 NOSTRI

82 828 628 946 -JESU
769 819 1617 939 CHRISTI

558 1128 793 1185 PARS
858 1125 1197 1181 PRIMA.

703 1305 886 1354 CAPUT
922 1304 1061 1351 XLIV

416 1451 471 1481 DE
503 1451 857 1481 SUSCITATIONE
885 1450 1003 1479 FILII
1032 1448 1188 1479 VIDUAE
1216 1448 1353 1478 NAIM.

722 1563 829 1599 Lucae
856 1572 938 1609 cap.
968 1563 1046 1599 VII.

108 1693 121 1714 1
142 1677 400 1714 Mismcomm
419 1676 553 1712 Domm
578 1687 698 1712 FILIUM
723 1687 839 1712 VIDUAE

57 1735 291 1762 SUSCITAan
315 1745 357 1750 —
375 1726 436 1767 Et,
451 1724 619 1769 deinceps
638 1724 716 1758 ibat
735 1725 839 1759 Jesus

56 1776 89 1809 et
115 1783 193 1808 cum
221 1782 258 1807 eo
285 1771 462 1817 discipuli
486 1771 564 1815 ejus
588 1773 622 1806 et
649 1771 757 1806 turba
784 1781 838 1806 co-

53 1821 174 1867 piosa,
197 1829 279 1865 quae
301 1829 386 1854 eum
404 1819 645 1864 sequebatur,
669 1819 836 1854 novitate

57 1877 227 1913 operum
263 1867 444 1902 suavitate
478 1866 675 1908 (loctiQinae
721 1870 757 1901 et
795 1876 838 1901 ex

56 1913 264 1951 sanctitatis
291 1914 370 1960 ejus
396 1913 608 1955 devotione,
635 1915 674 1948 in
701 1914 835 1948 civita-

55 1963 125 1998 tem
144 1961 320 2006 Galilaeae,
347 1971 426 2007 quae
451 1964 601 1996 vocatu)
619 1962 742 1996 Nrtim.
769 1958 835 1997 Se-

56 2008 177 2046 cundo
196 1991 372 2043 millia'rio
398 2017 419 2042 a
445 2011 573 2042 monte
603 2007 754 2041 Thabor
779 2010 837 2041 est

57 2055 186 2092 civitas
217 2054 338 2097 Naim,
369 2057 407 2090 et
440 2063 552 2098 supra
588 2054 695 2088 Nalm
731 2063 838 2088 mons

55 2102 195 2147 Endor,
217 2102 263 2138 ad
285 2102 388 2148 cujus
402 2101 567 2137 radicem
586 2101 668 2137 ssuit
687 2105 836 2136 torrens

56 2149 82 2186 C
109 2160 190 2186 son.
228 2150 323 2185 Ante
349 2150 461 2196 huJ'us
488 2149 648 2184 civitatis
674 2152 834 2194 portam,

55 2161 117 2233 uss'i
160 2200 241 2233 erat
281 2198 402 2242 major
444 2207 648 2232 concursus
691 2197 835 2242 populi,

55 2244 218 2281 obviavit
248 2245 427 2280 Dominus
460 2244 690 2280 multitudini
713 2244 834 2279 homi-

53 2301 146 2328 num
165 2291 415 2336 efferentium,
437 2292 473 2327 id
489 2296 542 2328 est
559 2295 663 2328 extra
681 2295 834 2338 portan-

53 2339 160 2385 tium,
172 2339 388 2376 defunctum
403 2339 523 2376 filium
535 2340 686 2375 unicum
698 2339 834 2385 viduae,

56 2386 104 2422 ad
120 2386 401 2432 sepeliendum:
423 2387 510 2433 quia
527 2388 735 2433 antiquitus
754 2387 835 2423 loca

52 2433 252 2479 sepulturae
272 2438 379 2470 erant
398 2438 501 2471 extra
522 2434 689 2471 civitates
709 2438 747 2470 ct
766 2436 834 2470 ho-

51 2481 196 2518 minum
220 2483 485 2527 habitationes,
508 2493 555 2518 ne
583 2482 835 2519 cadaveribus

49 2527 292 2565 inficerentur
329 2530 411 2566 loca
443 2534 480 2566 et
518 2529 704 2566 homines.
750 2528 832 2566 Hoc

53 2579 178 2613 autem
205 2577 258 2613 sic
283 2577 422 2614 factum
450 2582 518 2622 est,
552 2582 592 2614 ut
623 2577 834 2613 evidentius

55 2627 151 2659 esset
186 2625 410 2661 miraculum
444 2635 572 2661 coram
614 2625 740 2661 multis
780 2624 834 2660 sa-

57 2673 171 2717 ctum,
213 2675 250 2708 et
285 2673 393 2708 multi
431 2676 555 2709 essent
587 2676 699 2709 testes
740 2672 835 2708 tanti

57 2700 242 2756 miraculi.
264 2720 308 2755 Et
333 2720 420 2766 quia
443 2720 628 2756 vacabant
645 2721 693 2756 ad
715 2720 834 2765 pieta-

60 2763 107 2801 tis
141 2775 233 2813 opus
264 2768 526 2814 prosequendo
545 2767 670 2815 funus,
690 2772 728 2805 et
750 2777 838 2805 con-

142 2829 232 2865 Vm
243 2830 264 2866 J
268 2841 330 2866 asu
345 2831 640 2873 CHRIST1‚TOMUS
657 2832 704 2865 11.

914 1673 1070 1710 solando
1095 1672 1247 1708 viduam
1267 1674 1303 1707 et
1325 1671 1496 1707 orbatam
1517 1673 1694 1717 matrem,

914 1724 1135 1757 meruerunt
1156 1720 1275 1765 ipsum
1293 1718 1421 1753 videre
1453 1718 1689 1756 miraculum.

914 1769 982 1805 Ubi
1003 1768 1197 1811 Greqorius
1215 1769 1413 1810 Nyssenzcs.
1425 1776 1603 1802 aerumuae
1620 1776 1695 1802 mo-

913 1816 1002 1860 lem,
1034 1815 1208 1850 brevibus
1241 1813 1364 1848 verbis
1394 1812 1447 1848 sic
1479 1813 1656 1858 explicuit
1683 1828 1692 1851 ε

916 1876 935 1897 «
962 1864 1080 1898 Mater
1098 1861 1210 1897 vidua
1231 1865 1324 1905 erat,
1356 1871 1440 1906 quae
1473 1872 1548 1897 non
1568 1871 1691 1907 spera-

913 1911 978 1946 bat
1012 1909 1166 1945 ulterius
1205 1909 1302 1945 filios
1342 1919 1541 1953 procreare
1565 1922 1572 1953 ;
1618 1919 1694 1946 non

912 1957 1076 1993 habebat
1097 1957 1136 1992 in
1159 1967 1272 2002 quem
1300 1955 1480 2001 dirigeret
1500 1959 1694 2000 aspectum

912 2005 992 2041 vice
1012 2004 1192 2049 defuncti,
1217 2005 1306 2050 quia
1328 2004 1460 2039 unicus
1481 2007 1575 2049 crat,
1598 2004 1698 2040 hunc

911 2053 1032 2087 solum
1074 2052 1291 2105 lactaverat..
1330 2052 1397 2087 Hic
1428 2052 1529 2087 solus
1565 2052 1697 2088 aderat

911 2097 1116 2135 alacritatis
1140 2109 1252 2134 causa
1275 2098 1315 2134 in
1349 2099 1474 2143 domo,
1510 2097 1693 2151 quidquid

912 2147 1025 2183 matri
1063 2140 1170 2182 d'ulce
1192 2156 1235 2181 ac
1259 2145 1481 2190 pretiosum
1515 2145 1576 2181 hic
1600 2146 1705 2184 solus

911 2195 1161 2231 exstiterat.»
1203 2194 1308 2230 Unde
1330 2197 1367 2230 et
1386 2194 1573 2238 Cyrillus:
1597 2205 1616 2228 (i
1637 2195 1706 2231 Mi-

911 2242 1072 2278 seranda
1093 2242 1232 2289 passio,
1270 2245 1306 2278 et
1341 2241 1389 2277 ad
1416 2242 1544 2277 fletum
1566 2246 1603 2278 et
1640 2242 1688 2279 ad

909 2290 1095 2337 lacrymas
1112 2293 1246 2336 potens
1263 2299 1470 2336 provocare
1494 2293 1501 2326 1
1537 2301 1555 2323 »
1577 2290 1694 2333 Quam

910 2349 989 2374 cum
1007 2337 1160 2374 vidisset
1187 2337 1359 2375 Dominus
1391 2339 1444 2374 sic
1475 2337 1622 2373 tristem
1649 2340 1687 2373 et

909 2387 1112 2432 afflictam,
1134 2387 1388 2423 misericordi-a
1402 2389 1438 2422 et
1460 2387 1597 2431 pietate
1618 2395 1697 2421 mo·

910 2438 981 2479 tus,
995 2434 1203 2470 secundum
1221 2435 1323 2481 quod
1335 2435 1447 2470 homo
1464 2443 1573 2481 super
1592 2443 1704 2468 eam:

909 2486 989 2518 tum
1011 2481 1099 2528 quia
1118 2481 1232 2518 vidua
1253 2486 1347 2526 erat,
1384 2486 1465 2518 tum
1500 2482 1588 2528 quia
1616 2490 1691 2517 non

908 2530 1073 2566 habebat
1095 2530 1212 2566 alium
1225 2512 1359 2574 filium',
1381 2541 1403 2566 a
1420 2540 1493 2576 quo
1520 2531 1558 2565 in
1577 2539 1687 2565 sene-

909 2581 1009 2613 ctute
1029 2578 1232 2614 sustentari
1250 2581 1375 2624 posset
1392 2588 1506 2623 quarn
1527 2578 1573 2612 ab
1592 2578 1690 2629 ipso,

908 2625 1008 2661 dixit
1027 2626 1102 2670 illi,
1124 2625 1240 2661 verbo
1254 2624 1506 2662 consolatorio
1525 2628 1561 2660 et
1578 2623 1698 2660 dulciz

907 2673 994 2711 Noli
1026 2674 1122 2718 flere.
1152 2671 1264 2717 Quasi
1289 2674 1461 2709 diceret:
1491 2673 1572 2709 Cito
1594 2681 1686 2708 con-

907 2720 1026 2757 solata
1061 2721 1148 2768 eris,
1187 2720 1324 2757 desiste
1356 2720 1463 2766 quasi
1498 2723 1621 2755 mortu
1643 2727 1708 2753 um

908 2767 998 2806 flere
1033 2750 1148 2816 quem’
1185 2777 1273 2806 mox
1321 2768 1449 2805 vivum
1488 2776 1643 2814 resurge
1655 2774 1696 2801 re

1542 2833 1554 2861 1
