1894 3186
370 164 421 197 DE
461 162 709 196 CURATIONE
748 162 1017 196 PARALYTICI
1055 162 1137 196 PER
1174 163 1342 197 TECTUM
1382 165 1567 200 DIMlSSI.
1736 169 1776 202 25

144 245 249 272 more
280 234 472 281 paralysis,
495 232 583 269 facit
616 233 833 277 tremulum,
857 244 924 278 per

143 283 233 319 mali
263 283 501 319 dilectionem
528 292 536 325 ;
563 280 687 316 reddit
720 280 922 316 insensibi-

143 330 232 376 lem,
255 341 321 376 per
343 328 633 365 obstinationem
657 339 668 372 3
692 328 922 373 impeditque

142 377 343 423 loquelam,
393 386 458 421 per
506 375 816 420 desperationem.
852 374 921 411 Ubi

141 425 334 460 sciendum
355 427 391 459 et
402 422 715 459 considerandum
733 428 799 466 est,
823 422 922 468 quod

143 472 240 508 sicut
281 471 456 507 Dominus
500 470 637 516 legitur
683 470 922 506 resuscitasse

145 522 223 555 tres
245 523 430 562 mortuos,
459 518 628 563 quamvis
660 518 777 553 multo
800 517 923 562 plures

144 567 246 611 sint3
268 566 320 602 sie
340 566 478 613 legitur
505 575 653 601 curasse
674 568 751 601 tres
773 564 923 610 paraly-

143 614 250 653 ticos,
271 613 358 649 licet
378 614 490 650 etiam
510 614 635 658 plures
654 613 740 653 sint,
763 612 920 648 scilicet:

142 662 389 708 paralyticum
433 660 469 694 in
514 661 639 705 domo,
677 660 923 705 paralyticum

138 710 245 756 juxta
265 710 498 754 probaticam
527 707 727 753 piscinam,
750 711 786 742 et
819 716 925 751 para-

144 756 299 803 lyticum
322 758 358 793 in
378 758 491 801 lecto,
514 761 554 792 ut
577 757 614 792 in
638 754 842 800 proposito.
878 755 922 789 Et

148 804 236 852 quia
254 806 493 852 paralyticus,
519 808 560 840 ut
589 805 667 850 Jam
691 801 832 837 dictum
854 804 922 844 est,

140 858 380 900 peccatorem
416 852 553 899 signat,
596 852 679 887 ideo
715 849 923 885 notandum

141 901 242 947 quod
278 902 350 936 tria
387 904 474 936 sunt
505 910 646 946 genera
668 901 922 942 peccatorum,

141 947 283 984 scilicet
305 960 312 984 :
337 952 511 994 peccator
539 947 721 987 occultus,
739 944 924 990 publicus,

144 1000 183 1032 et
215 994 581 1032 consuetudinarius.
618 993 850 1039 paralyticus
888 992 926 1026 in

150 1044 261 1080 domo
288 1048 343 1079 cst
364 1046 538 1089 peccator
560 1041 731 1077 occultus
752 1051 761 1086 3
784 1039 928 1085 paraly-

144 1092 240 1128 ticus
276 1093 382 1138 juxta
427 1090 611 1135 piscinam
658 1093 713 1123 est
753 1089 927 1132 peccator

144 1139 366 1175 manifestus
386 1150 402 1182 ς,
417 1137 645 1183 paralyticus
666 1133 810 1170 veroin
831 1134 926 1168 lecto

145 1191 199 1222 est
243 1190 417 1231 peccator
453 1182 805 1219 consuetudinarius
843 1192 854 1224 3
893 1183 929 1214 et

142 1234 215 1270 hoe
252 1237 446 1279 peccatum
474 1231 511 1265 in
555 1229 826 1265 consuetudine
857 1228 928 1263 du-

147 1285 246 1318 ctum
267 1280 470 1316 diiiiculter
488 1278 726 1322 relinquitur,
754 1276 837 1311 ideo
863 1285 928 1319 pa-

146 1329 325 1374 ralyticus
345 1329 404 1362 liic
436 1326 473 1361 in
497 1325 591 1361 lecto
613 1325 741 1370 jacere
776 1323 928 1364 dicitur,

145 1376 183 1412 id
205 1380 259 1411 est
295 1378 488 1420 peccatum
526 1373 750 1408 continuare
778 1370 928 1405 dicitur.

189 1438 208 1469 7
230 1423 485 1458 EXPORTANTES
497 1431 538 1456 ET
560 1429 808 1454 REPORTANTES
826 1429 932 1453 PARA-

150 1484 312 1517 LYTICUiii,
336 1483 369 1506 ID
390 1481 451 1506 EsT
471 1478 710 1511 PECCATOREM,
738 1477 825 1501 SUNT
846 1477 931 1506 QUA-

143 1533 248 1557 Tuon.
286 1541 329 1546 —
362 1516 565 1554 Praedictos
596 1516 812 1560 peccatores
837 1523 928 1558 qua-

144 1573 231 1604 tuor
271 1568 468 1611 exportant
509 1566 612 1598 extra
650 1561 806 1596 domum
840 1570 928 1604 pro-

145 1616 237 1661 priae
288 1611 526 1649 conscientiae
545 1638 554 1655 ,
594 1612 631 1644 et
674 1608 786 1644 etiam
825 1609 928 1658 extra

145 1662 364 1704 Ecclesiam,
380 1663 455 1694 tam
472 1657 708 1694 militantem.
733 1664 846 1700 quam
859 1658 927 1688 tri-

146 1709 390 1754 umphantem
425 1717 433 1741 :
462 1704 626 1751 primum
662 1705 717 1737 cst
751 1701 928 1746 tepiditas

144 1756 234 1793 honi
256 1770 263 1792 :
284 1753 434 1801 quando
458 1753 557 1787 enim
590 1751 703 1785 homo
734 1748 865 1793 incipit
884 1758 927 1782 ex

147 1803 289 1841 desidia
323 1806 513 1846 tepescere
547 1800 583 1834 in
606 1797 705 1832 bono
734 1796 923 1838 inchoato,

145 1850 231 1886 talis
255 1848 550 1890 dimittitDeum,
565 1849 602 1881 et
614 1855 678 1889 per
693 1851 926 1887 consequens

147 1897 349 1934 dimittitur
376 1906 397 1930 a
417 1895 515 1937 Deo3
551 1891 756 1928 secundum
785 1894 840 1924 est
862 1889 924 1923 de-

145 1945 296 1981 lectatio
317 1942 419 1986 mali‚
442 1940 542 1986 quod
561 1938 803 1984 conjungitur
821 1935 925 1981 quasi

144 1992 268 2028 socius
289 1991 367 2036 ejus
386 2001 395 2033 3
416 1998 501 2024 cum
522 1987 622 2022 enim
641 1986 739 2021 Deus
760 1983 924 2019 derelin-

146 2040 288 2085 quitur,
308 2037 434 2073 statim
451 2034 577 2071 anima
593 2034 630 2068 in
648 2032 747 2068 malo
768 2029 927 2065 delecta-

145 2089 220 2131 tur,
244 2085 337 2121 ethi
365 2084 438 2119 duo
474 2081 565 2117 socii
592 2079 828 2126 praecedunt3
850 2081 925 2111 ter-
958 2114 960 2123 Ι

958 2126 960 2135 ¹
1001 2123 1122 2158 cundo
1149 2132 1316 2167 surgere,
1341 2121 1451 2156 tertio
1475 2121 1612 2155 lectum
1634 2120 1780 2164 tollere,

146 2133 241 2169 tium
269 2137 322 2168 est
343 2131 431 2166 mali
453 2128 636 2175 operatio,
658 2135 743 2162 cum
763 2125 925 2160 delecta-

146 2181 199 2216 tio
238 2180 285 2215 ad
321 2188 414 2224 opus
452 2176 624 2219 ducitur;
662 2175 838 2223 quartum
870 2175 927 2205 est

145 2228 236 2264 mali
262 2227 385 2272 operis
417 2222 662 2265 consuetudo,
688 2230 772 2256 cum
805 2228 926 2264 ipsum

146 2275 287 2311 malum
313 2273 572 2318 frequentatur
595 2281 603 2306 ε
632 2272 669 2304 et
695 2268 734 2303 hi
766 2266 838 2301 duo
868 2275 925 2300 se-

149 2325 316 2369 quuntur
347 2320 537 2366 portantes
559 2320 796 2363 peccatorem
824 2315 927 2365 ezitra

150 2368 330 2414 suffragia
348 2367 539 2409 Ecclesiae,
560 2364 695 2410 quibus
712 2362 789 2407 ipse
808 2370 928 2405 priva-

149 2420 222 2453 tur.
252 2436 294 2440 —
334 2415 427 2450 Sunt
467 2416 592 2448 autem
632 2414 806 2456 quatuor,
844 2416 928 2458 quae

151 2464 273 2509 ipsum
293 2464 488 2506 reportant
510 2462 548 2494 et
560 2456 807 2493 reconciliant
826 2467 836 2489 ε
859 2464 930 2499 pri-

150 2520 254 2547 mum
297 2512 351 2544 est
386 2509 472 2542 vitae
514 2504 690 2548 brevitas,
736 2505 775 2538 ut
815 2502 928 2537 homo

151 2557 360 2593 consideret
381 2564 492 2600 quam
517 2552 640 2588 brevis
659 2552 707 2586 sit
731 2550 807 2584 vita
833 2558 928 2593 prae-

151 2614 250 2649 sens,
275 2607 312 2639 et
334 2603 496 2645 incerta;
514 2598 718 2635 secundum
739 2600 793 2632 est
816 2597 930 2630 timor

150 2661 272 2698 poenae
296 2648 526 2697 gehennalis,
557 2651 596 2682 ut
618 2647 731 2682 homo
758 2642 928 2695 conside-

152 2702 212 2734 ret
250 2698 329 2744 ejus
364 2694 621 2738 acerbitatem,
659 2693 927 2742 diversitatem,

153 2748 192 2780 et
213 2744 482 2787 aeternitatem3
505 2741 658 2777 tertium
677 2743 734 2775 est
753 2736 927 2789 conside-

155 2791 250 2828 ratio
292 2791 408 2836 culpae
429 2817 438 2834 ,
475 2793 516 2824 ut
558 2789 673 2824 homo
718 2784 930 2821 consideret

1001 232 1090 279 quid
1129 234 1353 279 gravedinis,
1393 236 1481 281 quid
1515 237 1778 283 immunditiae,

999 280 1088 325 quid
1116 281 1269 316 malitiae
1300 282 1347 316 sit
1382 283 1418 317 in
1451 286 1633 328 peccatis,
1663 296 1776 331 quar-

1000 332 1079 363 tum
1098 332 1165 380 'est
1197 338 1282 373 spes
1314 329 1446 374 venire,
1471 335 1509 365 ut
1546 334 1714 377 quamvis
1741 333 1779 368 in

999 375 1125 410 multis
1151 374 1430 427 offenderimus,
1455 379 1694 415 nihilomiuus
1717 383 1782 415 ta-

999 433 1084 457 men
1110 432 1259 457 veniam
1282 433 1485 468 speremus.
1506 426 1573 468 Qui
1597 427 1673 461 lucc
1692 437 1779 471 qua-

999 474 1084 504 tuor
1102 469 1289 514 habuerit,
1313 475 1398 506 ante
1420 472 1534 507 Deum
1555 474 1777 519 portabitur,

999 521 1035 552 et
1076 517 1371 552 misericordiam
1411 524 1671 564 consequetur.
1697 521 1776 566 Vel,

1002 564 1202 609 portitores
1223 565 1316 609 ejus,
1341 568 1382 600 ut
1403 570 1555 601 sanetur
1574 578 1595 602 a
1615 568 1778 612 eluisto,

1000 615 1087 646 sunt
1123 616 1284 657 quatuor
1320 622 1397 647 suae
1433 613 1562 648 salutis
1602 624 1781 658 procura-

1000 663 1114 703 tores,
1135 659 1278 694 seilicet
1297 671 1305 695 ε
1330 669 1487 695 monens
1510 665 1666 701 secrete,
1691 672 1781 706 prae-

1002 706 1130 741 dicans
1154 705 1317 752 publice,
1338 718 1449 742 orans
1468 718 1535 752 pro
1557 719 1613 751 eo,
1637 712 1672 742 et
1691 708 1782 743 invi-

1001 757 1085 788 tans
1105 754 1296 799 exemplo;
1320 759 1356 789 et
1373 754 1495 790 sicisti
1514 755 1677 790 offerunt
1695 765 1780 791 eum

1003 801 1164 845 Christo,
1204 802 1447 837 sollicitantes
1490 813 1556 847 pro
1603 803 1701 846 ipso;
1745 805 1783 838 et

1003 849 1081 893 ipse
1104 848 1296 892 offeretur,
1322 849 1472 894 quando
1496 849 1547 884 eis
1566 849 1781 885 conforma-

1005 900 1062 931 tur
1093 897 1373 939 consentiendo,
1400 901 1436 932 et
1470 896 1613 931 meritis
1649 906 1780 931 eorum

1003 943 1149 978 obicem
1189 954 1264 978 non
1293 944 1481 989 ponendo.
1515 944 1683 979 Christus
1714 954 1781 979 au-

1003 995 1078 1025 tem
1102 991 1214 1025 fidem
1238 991 1385 1025 illorum
1409 991 1570 1036 inspicit,
1591 1001 1673 1025 cum
1696 1001 1780 1035 pre-

1004 1048 1064 1073 ces
1090 1048 1220 1073 eorum
1239 1038 1407 1081 exaudit3
1427 1042 1464 1073 et
1482 1038 1703 1083 paralyticus
1723 1048 1782 1073 cu-

1003 1089 1122 1128 ratur,
1150 1085 1299 1129 quando
1318 1089 1512 1129 peccatum
1535 1085 1603 1119 sibi
1630 1084 1783 1119 dimitti-

1005 1136 1080 1177 tur,
1100 1135 1138 1167 et
1158 1132 1319 1166 donatur
1333 1132 1403 1166 sibi
1423 1132 1558 1177 gratia,
1585 1142 1649 1176 per
1670 1141 1783 1176 quam

1004 1180 1052 1215 ad
1089 1182 1194 1214 actus
1229 1179 1444 1213 meritorios
1482 1178 1703 1213 restituitur.
1739 1178 1784 1213 Et

1004 1231 1093 1261 tunc
1129 1236 1237 1260 suum
1275 1225 1382 1260 malae
1423 1225 1702 1260 consuetudinis
1728 1225 1783 1260 le-

1006 1278 1107 1309 ctum
1137 1272 1248 1316 tollit,
1270 1274 1420 1318 quando
1444 1273 1489 1307 ab
1515 1284 1558 1308 ea
1595 1283 1659 1317 per
1685 1282 1785 1306 exer-

1006 1322 1135 1356 citium
1159 1320 1246 1355 boni
1265 1320 1388 1364 operis
1403 1320 1569 1363 recedit;
1589 1319 1689 1353 etsie
1704 1329 1784 1363 pro-

1006 1369 1143 1403 cedens
1168 1367 1211 1402 de
1232 1367 1370 1402 virtute
1402 1368 1440 1402 in
1469 1367 1664 1409 virtutem,
1684 1365 1785 1400 vadit

1006 1417 1043 1450 in
1075 1416 1226 1450 domum
1257 1424 1375 1457 suam,
1400 1414 1548 1459 quando
1589 1412 1695 1448 bonis
1720 1422 1785 1447 ac-

1005 1463 1104 1498 tibus
1124 1463 1170 1498 ad
1190 1462 1377 1497 coelestem
1411 1462 1562 1497 festinat
1600 1460 1783 1505 patriam3

1005 1514 1042 1545 et
1068 1511 1224 1555 populus
1257 1519 1341 1543 eum
1362 1508 1548 1554 glorificat
1585 1510 1629 1543 de
1660 1509 1783 1542 muta-

1004 1558 1106 1592 tione
1129 1556 1220 1599 tali,
1247 1556 1425 1601 quoniam
1452 1557 1524 1590 haee
1548 1558 1602 1591 est
1631 1555 1784 1589 mutatio

1005 1605 1162 1639 dexterae
1197 1604 1356 1638 Eoecelsz‘.
1388 1603 1443 1637 llli
1482 1613 1569 1637 vero
1597 1601 1660 1646 qui
1698 1600 1785 1635 inde

1004 1654 1255 1693 murmurant,
1295 1650 1445 1695 signant
1480 1649 1681 1692 daemones,
1721 1647 1785 1692 qui

1006 1698 1091 1734 inde
1112 1698 1219 1733 valde
1239 1697 1380 1732 dolent.

1051 1749 1071 1781 8
1094 1747 1197 1781 SICUT
1232 1754 1463 1788 PARALYTmo,
1490 1754 1547 1778 ITA
1574 1754 1783 1788 ΡιΈΝΙΤΕΝΤΙ,

1004 1804 1169 1833 QUATUOR
1207 1802 1432 1826 IMPERANTUR
1466 1802 1489 1825 A
1530 1791 1697 1825 Cuiusro.
1738 1809 1785 1815 —-

1004 1841 1172 1876 Christus
1200 1849 1287 1874 vero
1325 1848 1460 1873 curans
1489 1841 1649 1882 quatuor
1670 1837 1784 1881 impe-

1001 1892 1061 1923 rat
1100 1885 1308 1932 poenitenti.
1338 1885 1478 1929 Primo,
1517 1887 1603 1920 ante
1642 1885 1780 1928 omnia,

1002 1938 1042 1970 ut
1064 1934 1243 1976 coniidat,
1263 1936 1299 1968 et
1316 1942 1419 1978 spem
1450 1932 1495 1967 de
1518 1932 1628 1967 venia
1646 1941 1782 1966 conse-

1001 1982 1151 2027 quenda
1176 1981 1328 2024 habeat,
1358 1989 1468 2025 quem
1496 1979 1609 2014 etiam
1637 1979 1715 2024 jam
1737 1977 1781 2013 fi-

1001 2029 1092 2064 lium
1119 2038 1185 2073 per
1211 2027 1451 2072 adoptionem
1488 2030 1608 2061 vocat.
1640 2025 1781 2061 Deinde

1000 2076 1129 2111 volens
1169 2084 1255 2110 eum
1293 2084 1440 2117 sanare,
1465 2073 1573 2120 Jubet
1605 2083 1688 2108 eum
1724 2082 1781 2107 se-

1000 2174 1036 2205 et
1056 2173 1188 2214 quarto
1208 2168 1247 2203 in
1279 2169 1430 2203 domum
1470 2177 1576 2202 suam
1605 2167 1721 2202 abire.
1738 2185 1779 2192 —-

1002 2216 1350 2262 Surg·ere,inquam,
1373 2225 1395 2249 a
1415 2218 1567 2259 peccato
1588 2217 1625 2249 et
1644 2213 1781 2249 mentis

1000 2264 1234 2310 dejectione:
1254 2262 1292 2298 in
1314 2267 1464 2307 peccato
1486 2263 1586 2296 enim
1605 2262 1702 2297 male
1721 2260 1782 2296 de-

1000 2311 1188 2355 lectando,
1230 2314 1404 2356 peccator
1449 2309 1555 2354 quasi
1603 2308 1640 2343 in
1684 2308 1779 2344 lecto

1001 2357 1171 2403 quiescit,
1191 2360 1228 2393 et
1246 2368 1288 2392 ex
1310 2358 1460 2402 peccato
1489 2357 1538 2391 ita
1561 2366 1665 2390 mens
1686 2355 1779 2401 deJ'i-

1001 2407 1112 2451 citur,
1136 2409 1175 2440 ut
1201 2413 1406 2449 numquam
1428 2403 1542 2448 possit
1577 2413 1656 2438 esse
1680 2403 1779 2447 laeta,

986 2453 1089 2498 ,quia
1116 2462 1264 2497 semper
1293 2449 1485 2496 praesumit
1514 2460 1612 2485 saeva
1632 2453 1779 2495 pertur-

1001 2500 1088 2535 bata
1109 2498 1356 2542 conscientia;
1380 2501 1469 2533 tunc
1494 2504 1619 2532 autem
1646 2495 1778 2542 surgit,

1002 2548 1152 2592 quando
1193 2547 1262 2582 ista
1309 2545 1460 2581 deserit.
1502 2545 1647 2579 Tollere
1691 2553 1778 2578 vero

1002 2594 1154 2637 lectum,
1176 2598 1212 2629 et
1234 2596 1398 2638 portare,
1430 2595 1486 2627 est
1523 2595 1559 2626 ut
1586 2592 1778 2636 peceatum

1002 2642 1101 2686 quod
1121 2644 1202 2676 erat
1230 2641 1300 2675 sibi
1331 2639 1446 2685 quieti
1468 2642 1505 2674 et
1524 2635 1776 2680 delectationi,

1002 2687 1156 2734 incipiat
1175 2688 1246 2724 sibi
1281 2697 1359 2723 esse
1382 2686 1488 2721 oneri
1512 2690 1548 2720 et
1575 2684 1708 2720 dolori.
1731 2702 1775 2709 -

1001 2736 1112 2771 Abire
1133 2745 1280 2781 quoque
1301 2735 1338 2769 in
1360 2734 1513 2769 domum
1538 2741 1657 2774 suam,
1677 2734 1717 2765 ut
1736 2729 1776 2764 in

1002 2782 1136 2819 coelum
1166 2780 1409 2818 meditatione
1437 2782 1580 2826 pergat,
1601 2777 1657 2813 vel
1687 2786 1775 2812 con-
