<?xml version="1.0" encoding="UTF-8"?>
<!DOCTYPE html PUBLIC "-//W3C//DTD XHTML 1.0 Transitional//EN"
    "http://www.w3.org/TR/xhtml1/DTD/xhtml1-transitional.dtd">
<html xmlns="http://www.w3.org/1999/xhtml" xml:lang="en" lang="en">
 <head>
  <title>
</title>
<meta http-equiv="Content-Type" content="text/html;charset=utf-8" />
  <meta name='ocr-system' content='tesseract 3.04.00' />
  <meta name='ocr-capabilities' content='ocr_page ocr_carea ocr_par ocr_line ocrx_word'/>
</head>
<body>
  <div class='ocr_page' id='page_1' title='image "./vitajesuchristie02ludouoft_0216.png"; bbox 0 0 1894 3186; ppageno 0'>
   <div class='ocr_carea' id='block_1_1' title="bbox 91 169 1279 207">
    <p class='ocr_par' dir='ltr' id='par_1_1' title="bbox 91 169 1279 207">
     <span class='ocr_line' id='line_1_1' title="bbox 91 169 1279 207; baseline 0.003 -4"><span class='ocrx_word' id='word_1_1' title='bbox 91 170 151 204; x_wconf 78' lang='lat'>208</span> <span class='ocrx_word' id='word_1_2' title='bbox 573 171 718 205; x_wconf 86' lang='lat' dir='ltr'><strong>PRIMAE</strong></span> <span class='ocrx_word' id='word_1_3' title='bbox 754 171 917 206; x_wconf 85' lang='lat' dir='ltr'><strong>PARTIS</strong></span> <span class='ocrx_word' id='word_1_4' title='bbox 954 169 1093 205; x_wconf 87' lang='lat' dir='ltr'>CAPUT</span> <span class='ocrx_word' id='word_1_5' title='bbox 1130 171 1279 207; x_wconf 83' lang='lat' dir='ltr'>LXXIII</span> 
     </span>
    </p>
   </div>
   <div class='ocr_carea' id='block_1_2' title="bbox 94 239 878 382">
    <p class='ocr_par' dir='ltr' id='par_1_2' title="bbox 94 239 878 382">
     <span class='ocr_line' id='line_1_2' title="bbox 94 239 878 276; baseline 0.004 -3"><span class='ocrx_word' id='word_1_6' title='bbox 94 239 275 274; x_wconf 78' lang='lat' dir='ltr'><em>insensati</em></span> <span class='ocrx_word' id='word_1_7' title='bbox 299 239 415 274; x_wconf 75' lang='lat' dir='ltr'>vitam</span> <span class='ocrx_word' id='word_1_8' title='bbox 439 239 587 275; x_wconf 79' lang='lat' dir='ltr'>illorum</span> <span class='ocrx_word' id='word_1_9' title='bbox 609 241 878 276; x_wconf 65' lang='lat' dir='ltr'>aestimabamus</span> 
     </span>
     <span class='ocr_line' id='line_1_3' title="bbox 94 287 878 331; baseline 0.001 -9"><span class='ocrx_word' id='word_1_10' title='bbox 94 287 294 329; x_wconf 76' lang='lat' dir='ltr'>insaniam,</span> <span class='ocrx_word' id='word_1_11' title='bbox 313 289 346 321; x_wconf 80' lang='lat' dir='ltr'>et</span> <span class='ocrx_word' id='word_1_12' title='bbox 365 287 472 331; x_wconf 74' lang='lat' dir='ltr'>finem</span> <span class='ocrx_word' id='word_1_13' title='bbox 485 287 632 322; x_wconf 80' lang='lat' dir='ltr'>illorum</span> <span class='ocrx_word' id='word_1_14' title='bbox 650 289 727 323; x_wconf 80' lang='lat' dir='ltr'>sine</span> <span class='ocrx_word' id='word_1_15' title='bbox 747 288 878 323; x_wconf 79' lang='lat' dir='ltr'><em>honore</em></span> 
     </span>
     <span class='ocr_line' id='line_1_4' title="bbox 95 332 877 382; baseline 0 -11"><span class='ocrx_word' id='word_1_16' title='bbox 95 332 192 371; x_wconf 82' lang='lat' dir='ltr'>etc.!</span> <span class='ocrx_word' id='word_1_17' title='bbox 216 332 381 379; x_wconf 87' lang='lat' dir='ltr'>Utinam,</span> <span class='ocrx_word' id='word_1_18' title='bbox 407 336 444 370; x_wconf 87' lang='lat' dir='ltr'>et</span> <span class='ocrx_word' id='word_1_19' title='bbox 469 344 539 380; x_wconf 85' lang='lat' dir='ltr'>ego</span> <span class='ocrx_word' id='word_1_20' title='bbox 564 333 693 382; x_wconf 89' lang='lat' dir='ltr'>miser,</span> <span class='ocrx_word' id='word_1_21' title='bbox 711 346 808 371; x_wconf 87' lang='lat' dir='ltr'>unus</span> <span class='ocrx_word' id='word_1_22' title='bbox 831 334 877 371; x_wconf 93' lang='lat' dir='ltr'>de</span> 
     </span>
    </p>
   </div>
   <div class='ocr_carea' id='block_1_3' title="bbox 944 239 1729 373">
    <p class='ocr_par' dir='ltr' id='par_1_3' title="bbox 944 239 1729 373">
     <span class='ocr_line' id='line_1_5' title="bbox 945 239 1729 288; baseline 0.008 -13"><span class='ocrx_word' id='word_1_23' title='bbox 945 239 1019 276; x_wconf 92' lang='lat' dir='ltr'>illis</span> <span class='ocrx_word' id='word_1_24' title='bbox 1031 241 1285 288; x_wconf 85' lang='lat' dir='ltr'>merearfieri,</span> <span class='ocrx_word' id='word_1_25' title='bbox 1295 252 1339 279; x_wconf 90' lang='lat' dir='ltr'>ac</span> <span class='ocrx_word' id='word_1_26' title='bbox 1354 253 1439 280; x_wconf 89' lang='lat' dir='ltr'>cum</span> <span class='ocrx_word' id='word_1_27' title='bbox 1453 243 1506 280; x_wconf 90' lang='lat' dir='ltr'>eis</span> <span class='ocrx_word' id='word_1_28' title='bbox 1518 242 1616 281; x_wconf 88' lang='lat' dir='ltr'>inter</span> <span class='ocrx_word' id='word_1_29' title='bbox 1627 243 1729 281; x_wconf 85' lang='lat' dir='ltr'>filios·</span> 
     </span>
     <span class='ocr_line' id='line_1_6' title="bbox 944 287 1727 337; baseline 0.009 -15"><span class='ocrx_word' id='word_1_30' title='bbox 944 287 1011 323; x_wconf 90' lang='lat' dir='ltr'>Dei</span> <span class='ocrx_word' id='word_1_31' title='bbox 1035 289 1258 337; x_wconf 89' lang='lat' dir='ltr'>computari,</span> <span class='ocrx_word' id='word_1_32' title='bbox 1280 293 1317 327; x_wconf 91' lang='lat' dir='ltr'>et</span> <span class='ocrx_word' id='word_1_33' title='bbox 1336 290 1436 327; x_wconf 88' lang='lat' dir='ltr'>inter</span> <span class='ocrx_word' id='word_1_34' title='bbox 1457 293 1613 329; x_wconf 84' lang='lat' dir='ltr'>Sanctos</span> <span class='ocrx_word' id='word_1_35' title='bbox 1637 303 1727 329; x_wconf 89' lang='lat' dir='ltr'>sor-</span> 
     </span>
     <span class='ocr_line' id='line_1_7' title="bbox 945 335 1204 373; baseline 0.015 -4"><span class='ocrx_word' id='word_1_36' title='bbox 945 337 1022 370; x_wconf 89' lang='lat' dir='ltr'>tem</span> <span class='ocrx_word' id='word_1_37' title='bbox 1042 335 1204 373; x_wconf 79' lang='lat' dir='ltr'>habere!</span> 
     </span>
    </p>
   </div>
   <div class='ocr_carea' id='block_1_4' title="bbox 820 464 988 501">
    <p class='ocr_par' dir='ltr' id='par_1_4' title="bbox 820 464 988 501">
     <span class='ocr_line' id='line_1_8' title="bbox 820 464 988 501; baseline 0.006 -1"><span class='ocrx_word' id='word_1_38' title='bbox 820 464 988 501; x_wconf 90' lang='lat' dir='ltr'><strong>ORATIO</strong></span> 
     </span>
    </p>
   </div>
   <div class='ocr_carea' id='block_1_5' title="bbox 97 574 1731 859">
    <p class='ocr_par' dir='ltr' id='par_1_5' title="bbox 97 574 1731 859">
     <span class='ocr_line' id='line_1_9' title="bbox 144 574 1724 624; baseline 0.004 -14"><span class='ocrx_word' id='word_1_39' title='bbox 144 574 303 611; x_wconf 80' lang='lat' dir='ltr'>Domine</span> <span class='ocrx_word' id='word_1_40' title='bbox 322 575 412 610; x_wconf 87' lang='lat' dir='ltr'>Jesu</span> <span class='ocrx_word' id='word_1_41' title='bbox 433 574 594 619; x_wconf 79' lang='lat' dir='ltr'>Christe,</span> <span class='ocrx_word' id='word_1_42' title='bbox 618 585 711 620; x_wconf 85' lang='lat' dir='ltr'>rogo</span> <span class='ocrx_word' id='word_1_43' title='bbox 739 577 775 610; x_wconf 89' lang='lat' dir='ltr'>te</span> <span class='ocrx_word' id='word_1_44' title='bbox 794 584 864 620; x_wconf 87' lang='lat' dir='ltr'>per</span> <span class='ocrx_word' id='word_1_45' title='bbox 888 574 1033 612; x_wconf 83' lang='lat' dir='ltr'>viscera</span> <span class='ocrx_word' id='word_1_46' title='bbox 1053 575 1322 615; x_wconf 71' lang='lat' dir='ltr'>misericordiae</span> <span class='ocrx_word' id='word_1_47' title='bbox 1350 580 1437 624; x_wconf 81' lang='lat' dir='ltr'>tuae,</span> <span class='ocrx_word' id='word_1_48' title='bbox 1458 582 1500 616; x_wconf 93' lang='lat' dir='ltr'>ut</span> <span class='ocrx_word' id='word_1_49' title='bbox 1522 590 1582 616; x_wconf 89' lang='lat' dir='ltr'>me</span> <span class='ocrx_word' id='word_1_50' title='bbox 1616 590 1724 617; x_wconf 86' lang='lat' dir='ltr'>man·</span> 
     </span>
     <span class='ocr_line' id='line_1_10' title="bbox 97 621 1730 672; baseline 0.004 -14"><span class='ocrx_word' id='word_1_51' title='bbox 97 632 181 658; x_wconf 90' lang='lat' dir='ltr'>cum</span> <span class='ocrx_word' id='word_1_52' title='bbox 198 625 234 658; x_wconf 90' lang='lat' dir='ltr'>et</span> <span class='ocrx_word' id='word_1_53' title='bbox 249 622 296 658; x_wconf 90' lang='lat' dir='ltr'>ad</span> <span class='ocrx_word' id='word_1_54' title='bbox 312 621 526 657; x_wconf 87' lang='lat' dir='ltr'>faciendum</span> <span class='ocrx_word' id='word_1_55' title='bbox 538 633 653 668; x_wconf 88' lang='lat' dir='ltr'>opera</span> <span class='ocrx_word' id='word_1_56' title='bbox 673 623 773 657; x_wconf 84' lang='lat' dir='ltr'>hona</span> <span class='ocrx_word' id='word_1_57' title='bbox 794 621 1016 667; x_wconf 84' lang='lat' dir='ltr'>invalidum,</span> <span class='ocrx_word' id='word_1_58' title='bbox 1032 623 1197 671; x_wconf 87' lang='lat' dir='ltr'>digneris</span> <span class='ocrx_word' id='word_1_59' title='bbox 1217 625 1512 663; x_wconf 77' lang='lat' dir='ltr'>misericorditer</span> <span class='ocrx_word' id='word_1_60' title='bbox 1525 638 1673 672; x_wconf 88' lang='lat' dir='ltr'>sanare,</span> <span class='ocrx_word' id='word_1_61' title='bbox 1692 632 1730 664; x_wconf 80' lang='lat' dir='ltr'>et</span> 
     </span>
     <span class='ocr_line' id='line_1_11' title="bbox 97 669 1725 715; baseline 0.004 -11"><span class='ocrx_word' id='word_1_62' title='bbox 97 669 146 705; x_wconf 87' lang='lat' dir='ltr'>ad</span> <span class='ocrx_word' id='word_1_63' title='bbox 167 680 279 705; x_wconf 87' lang='lat' dir='ltr'>omne</span> <span class='ocrx_word' id='word_1_64' title='bbox 299 679 392 715; x_wconf 87' lang='lat' dir='ltr'>opus</span> <span class='ocrx_word' id='word_1_65' title='bbox 410 669 564 713; x_wconf 88' lang='lat' dir='ltr'>bonum,</span> <span class='ocrx_word' id='word_1_66' title='bbox 586 670 721 704; x_wconf 84' lang='lat' dir='ltr'>fortem</span> <span class='ocrx_word' id='word_1_67' title='bbox 745 671 779 704; x_wconf 89' lang='lat' dir='ltr'>et</span> <span class='ocrx_word' id='word_1_68' title='bbox 799 672 927 714; x_wconf 79' lang='lat' dir='ltr'>aptum</span> <span class='ocrx_word' id='word_1_69' title='bbox 948 670 1084 707; x_wconf 87' lang='lat' dir='ltr'>facere.</span> <span class='ocrx_word' id='word_1_70' title='bbox 1110 673 1181 708; x_wconf 88' lang='lat' dir='ltr'>Fac</span> <span class='ocrx_word' id='word_1_71' title='bbox 1198 683 1257 709; x_wconf 90' lang='lat' dir='ltr'>me</span> <span class='ocrx_word' id='word_1_72' title='bbox 1284 676 1382 709; x_wconf 84' lang='lat' dir='ltr'>stare</span> <span class='ocrx_word' id='word_1_73' title='bbox 1402 674 1441 709; x_wconf 89' lang='lat' dir='ltr'>in</span> <span class='ocrx_word' id='word_1_74' title='bbox 1463 674 1587 710; x_wconf 90' lang='lat' dir='ltr'>medio</span> <span class='ocrx_word' id='word_1_75' title='bbox 1606 674 1725 710; x_wconf 67' lang='lat' dir='ltr'>virtu-</span> 
     </span>
     <span class='ocr_line' id='line_1_12' title="bbox 97 715 1726 766; baseline 0.002 -14"><span class='ocrx_word' id='word_1_76' title='bbox 97 718 192 757; x_wconf 84' lang='lat' dir='ltr'>tum,</span> <span class='ocrx_word' id='word_1_77' title='bbox 215 719 270 761; x_wconf 92' lang='lat' dir='ltr'>ut,</span> <span class='ocrx_word' id='word_1_78' title='bbox 294 719 327 752; x_wconf 84' lang='lat' dir='ltr'>te</span> <span class='ocrx_word' id='word_1_79' title='bbox 345 716 499 762; x_wconf 85' lang='lat' dir='ltr'>jubente</span> <span class='ocrx_word' id='word_1_80' title='bbox 520 718 557 752; x_wconf 86' lang='lat' dir='ltr'>et</span> <span class='ocrx_word' id='word_1_81' title='bbox 586 715 759 760; x_wconf 87' lang='lat' dir='ltr'>faciente,</span> <span class='ocrx_word' id='word_1_82' title='bbox 791 717 987 753; x_wconf 79' lang='lat' dir='ltr'>extendam</span> <span class='ocrx_word' id='word_1_83' title='bbox 1016 718 1281 764; x_wconf 84' lang='lat' dir='ltr'>adjustitiam,</span> <span class='ocrx_word' id='word_1_84' title='bbox 1301 731 1377 756; x_wconf 90' lang='lat' dir='ltr'>non</span> <span class='ocrx_word' id='word_1_85' title='bbox 1404 721 1451 756; x_wconf 91' lang='lat' dir='ltr'>ad</span> <span class='ocrx_word' id='word_1_86' title='bbox 1476 720 1726 766; x_wconf 85' lang='lat' dir='ltr'>iniquitatem,</span> 
     </span>
     <span class='ocr_line' id='line_1_13' title="bbox 98 761 1727 812; baseline 0.004 -14"><span class='ocrx_word' id='word_1_87' title='bbox 98 773 233 799; x_wconf 89' lang='lat' dir='ltr'>manus</span> <span class='ocrx_word' id='word_1_88' title='bbox 261 773 379 807; x_wconf 89' lang='lat' dir='ltr'>meas,</span> <span class='ocrx_word' id='word_1_89' title='bbox 401 773 536 808; x_wconf 89' lang='lat' dir='ltr'>meque</span> <span class='ocrx_word' id='word_1_90' title='bbox 565 761 601 797; x_wconf 87' lang='lat' dir='ltr'>in</span> <span class='ocrx_word' id='word_1_91' title='bbox 622 762 733 798; x_wconf 81' lang='lat' dir='ltr'>honis</span> <span class='ocrx_word' id='word_1_92' title='bbox 753 764 973 808; x_wconf 87' lang='lat' dir='ltr'>exercendo,</span> <span class='ocrx_word' id='word_1_93' title='bbox 996 767 1100 800; x_wconf 88' lang='lat' dir='ltr'>tuum</span> <span class='ocrx_word' id='word_1_94' title='bbox 1118 766 1394 812; x_wconf 86' lang='lat' dir='ltr'>beneplacitum</span> <span class='ocrx_word' id='word_1_95' title='bbox 1415 767 1455 802; x_wconf 92' lang='lat' dir='ltr'>in</span> <span class='ocrx_word' id='word_1_96' title='bbox 1480 768 1653 804; x_wconf 87' lang='lat' dir='ltr'>omnibus</span> <span class='ocrx_word' id='word_1_97' title='bbox 1670 768 1727 804; x_wconf 86' lang='lat' dir='ltr'>fa-</span> 
     </span>
     <span class='ocr_line' id='line_1_14' title="bbox 99 809 1731 859; baseline 0.003 -13"><span class='ocrx_word' id='word_1_98' title='bbox 99 809 195 846; x_wconf 89' lang='lat' dir='ltr'>ciam</span> <span class='ocrx_word' id='word_1_99' title='bbox 216 822 224 854; x_wconf 87' lang='lat'>;</span> <span class='ocrx_word' id='word_1_100' title='bbox 249 813 286 846; x_wconf 87' lang='lat' dir='ltr'>et</span> <span class='ocrx_word' id='word_1_101' title='bbox 301 811 340 845; x_wconf 91' lang='lat' dir='ltr'>in</span> <span class='ocrx_word' id='word_1_102' title='bbox 362 809 461 845; x_wconf 90' lang='lat' dir='ltr'>malo</span> <span class='ocrx_word' id='word_1_103' title='bbox 482 810 704 854; x_wconf 85' lang='lat' dir='ltr'>arescendO,</span> <span class='ocrx_word' id='word_1_104' title='bbox 727 810 773 845; x_wconf 72' lang='lat' dir='ltr'>al]</span> <span class='ocrx_word' id='word_1_105' title='bbox 795 810 938 846; x_wconf 79' lang='lat' dir='ltr'>offensa</span> <span class='ocrx_word' id='word_1_106' title='bbox 960 815 1024 847; x_wconf 86' lang='lat' dir='ltr'>tua</span> <span class='ocrx_word' id='word_1_107' title='bbox 1042 812 1194 849; x_wconf 89' lang='lat' dir='ltr'>omnino</span> <span class='ocrx_word' id='word_1_108' title='bbox 1216 813 1438 850; x_wconf 76' lang='lat' dir='ltr'>abstineam.</span> <span class='ocrx_word' id='word_1_109' title='bbox 1461 816 1515 850; x_wconf 86' lang='lat' dir='ltr'>Da</span> <span class='ocrx_word' id='word_1_110' title='bbox 1533 814 1639 859; x_wconf 89' lang='lat' dir='ltr'>mihi,</span> <span class='ocrx_word' id='word_1_111' title='bbox 1660 815 1731 851; x_wconf 86' lang='lat' dir='ltr'>bo-</span> 
     </span>
    </p>
   </div>
   <div class='ocr_carea' id='block_1_6' title="bbox 97 856 1731 940">
    <p class='ocr_par' dir='ltr' id='par_1_6' title="bbox 97 856 1731 940">
     <span class='ocr_line' id='line_1_15' title="bbox 97 856 1731 907; baseline 0.003 -15"><span class='ocrx_word' id='word_1_112' title='bbox 97 867 147 892; x_wconf 89' lang='lat' dir='ltr'>ne</span> <span class='ocrx_word' id='word_1_113' title='bbox 179 858 281 901; x_wconf 88' lang='lat' dir='ltr'>Jesu,</span> <span class='ocrx_word' id='word_1_114' title='bbox 314 859 353 892; x_wconf 89' lang='lat' dir='ltr'>ut</span> <span class='ocrx_word' id='word_1_115' title='bbox 387 867 465 902; x_wconf 80' lang='lat' dir='ltr'>prae</span> <span class='ocrx_word' id='word_1_116' title='bbox 497 856 673 892; x_wconf 86' lang='lat' dir='ltr'>omnibus</span> <span class='ocrx_word' id='word_1_117' title='bbox 695 856 835 893; x_wconf 87' lang='lat' dir='ltr'>divitiis</span> <span class='ocrx_word' id='word_1_118' title='bbox 857 861 894 894; x_wconf 89' lang='lat' dir='ltr'>et</span> <span class='ocrx_word' id='word_1_119' title='bbox 913 858 1056 895; x_wconf 85' lang='lat' dir='ltr'>deliciis</span> <span class='ocrx_word' id='word_1_120' title='bbox 1078 860 1208 905; x_wconf 84' lang='lat' dir='ltr'>seculi,</span> <span class='ocrx_word' id='word_1_121' title='bbox 1229 860 1423 898; x_wconf 87' lang='lat' dir='ltr'>intendam</span> <span class='ocrx_word' id='word_1_122' title='bbox 1448 862 1562 899; x_wconf 85' lang='lat' dir='ltr'>verbo</span> <span class='ocrx_word' id='word_1_123' title='bbox 1584 861 1664 907; x_wconf 91' lang='lat' dir='ltr'>Dei,</span> <span class='ocrx_word' id='word_1_124' title='bbox 1685 871 1731 898; x_wconf 86' lang='lat' dir='ltr'>ac</span> 
     </span>
     <span class='ocr_line' id='line_1_16' title="bbox 97 903 731 940; baseline 0 0"><span class='ocrx_word' id='word_1_125' title='bbox 97 914 192 940; x_wconf 85' lang='lat' dir='ltr'>meae</span> <span class='ocrx_word' id='word_1_126' title='bbox 211 907 247 940; x_wconf 86' lang='lat' dir='ltr'>et</span> <span class='ocrx_word' id='word_1_127' title='bbox 269 903 430 940; x_wconf 89' lang='lat' dir='ltr'>aliorum</span> <span class='ocrx_word' id='word_1_128' title='bbox 449 903 573 940; x_wconf 87' lang='lat' dir='ltr'>saluti.</span> <span class='ocrx_word' id='word_1_129' title='bbox 597 904 731 940; x_wconf 90' lang='lat' dir='ltr'>Amen.</span> 
     </span>
    </p>
   </div>
   <div class='ocr_carea' id='block_1_7' title="bbox 739 1110 1137 1158">
    <p class='ocr_par' dir='ltr' id='par_1_7' title="bbox 739 1110 1137 1158">
     <span class='ocr_line' id='line_1_17' title="bbox 739 1110 1137 1158; baseline 0.003 -2"><span class='ocrx_word' id='word_1_130' title='bbox 739 1110 921 1157; x_wconf 85' lang='lat' dir='ltr'><strong>CAPUT</strong></span> <span class='ocrx_word' id='word_1_131' title='bbox 956 1112 1137 1158; x_wconf 87' lang='lat' dir='ltr'><strong>LXXIII</strong></span> 
     </span>
    </p>
   </div>
   <div class='ocr_carea' id='block_1_8' title="bbox 576 1249 1249 1281">
    <p class='ocr_par' dir='ltr' id='par_1_8' title="bbox 576 1249 1249 1281">
     <span class='ocr_line' id='line_1_18' title="bbox 576 1249 1249 1281; baseline 0.006 -5"><span class='ocrx_word' id='word_1_132' title='bbox 576 1249 624 1277; x_wconf 87' lang='lat' dir='ltr'>DE</span> <span class='ocrx_word' id='word_1_133' title='bbox 650 1249 885 1280; x_wconf 85' lang='lat' dir='ltr'><strong>DAEMONIACO</strong></span> <span class='ocrx_word' id='word_1_134' title='bbox 915 1251 1020 1281; x_wconf 83' lang='lat' dir='ltr'>CAECO</span> <span class='ocrx_word' id='word_1_135' title='bbox 1050 1252 1100 1280; x_wconf 89' lang='lat' dir='ltr'>ET</span> <span class='ocrx_word' id='word_1_136' title='bbox 1123 1251 1249 1281; x_wconf 84' lang='lat' dir='ltr'>MUTO.</span> 
     </span>
    </p>
   </div>
   <div class='ocr_carea' id='block_1_9' title="bbox 388 1352 1440 1404">
    <p class='ocr_par' dir='ltr' id='par_1_9' title="bbox 388 1352 1440 1404">
     <span class='ocr_line' id='line_1_19' title="bbox 388 1352 1440 1404; baseline 0.006 -16"><span class='ocrx_word' id='word_1_137' title='bbox 388 1352 552 1389; x_wconf 76' lang='lat' dir='ltr'>Matthaei</span> <span class='ocrx_word' id='word_1_138' title='bbox 579 1364 660 1400; x_wconf 90' lang='lat' dir='ltr'>cap.</span> <span class='ocrx_word' id='word_1_139' title='bbox 683 1355 760 1400; x_wconf 88' lang='lat' dir='ltr'><strong>XII,</strong></span> <span class='ocrx_word' id='word_1_140' title='bbox 785 1356 897 1392; x_wconf 88' lang='lat' dir='ltr'>Marc.</span> <span class='ocrx_word' id='word_1_141' title='bbox 922 1365 1004 1402; x_wconf 81' lang='lat' dir='ltr'>cap.</span> <span class='ocrx_word' id='word_1_142' title='bbox 1030 1357 1078 1391; x_wconf 93' lang='lat' dir='ltr'>III</span> <span class='ocrx_word' id='word_1_143' title='bbox 1099 1359 1136 1392; x_wconf 86' lang='lat' dir='ltr'>et</span> <span class='ocrx_word' id='word_1_144' title='bbox 1162 1357 1248 1393; x_wconf 89' lang='lat' dir='ltr'>Luc.</span> <span class='ocrx_word' id='word_1_145' title='bbox 1274 1367 1355 1404; x_wconf 86' lang='lat' dir='ltr'>cap.</span> <span class='ocrx_word' id='word_1_146' title='bbox 1378 1358 1440 1394; x_wconf 87' lang='lat' dir='ltr'>XI.</span> 
     </span>
    </p>
   </div>
   <div class='ocr_carea' id='block_1_10' title="bbox 102 1483 887 1575">
    <p class='ocr_par' dir='ltr' id='par_1_10' title="bbox 102 1483 887 1575">
     <span class='ocr_line' id='line_1_20' title="bbox 154 1483 884 1520; baseline 0.003 -2"><span class='ocrx_word' id='word_1_147' title='bbox 154 1497 166 1518; x_wconf 92' lang='lat'>1</span> <span class='ocrx_word' id='word_1_148' title='bbox 193 1483 350 1518; x_wconf 66' lang='lat' dir='ltr'>Cunxrxo</span> <span class='ocrx_word' id='word_1_149' title='bbox 382 1493 583 1517; x_wconf 65' lang='lat' dir='ltr'>nffinoivixffl</span> <span class='ocrx_word' id='word_1_150' title='bbox 610 1494 691 1517; x_wconf 62' lang='lat' dir='ltr'>cnei</span> <span class='ocrx_word' id='word_1_151' title='bbox 719 1495 760 1518; x_wconf 83' lang='lat' dir='ltr'>ET</span> <span class='ocrx_word' id='word_1_152' title='bbox 787 1494 884 1520; x_wconf 70' lang='lat' dir='ltr'>inm.</span> 
     </span>
     <span class='ocr_line' id='line_1_21' title="bbox 102 1528 887 1575; baseline 0.004 -12"><span class='ocrx_word' id='word_1_153' title='bbox 102 1549 148 1555; x_wconf 90' lang='lat'><em>-</em></span> <span class='ocrx_word' id='word_1_154' title='bbox 172 1531 282 1571; x_wconf 79' lang='lat' dir='ltr'>Tunc,</span> <span class='ocrx_word' id='word_1_155' title='bbox 301 1528 340 1563; x_wconf 85' lang='lat' dir='ltr'>id</span> <span class='ocrx_word' id='word_1_156' title='bbox 360 1532 415 1564; x_wconf 88' lang='lat' dir='ltr'>est</span> <span class='ocrx_word' id='word_1_157' title='bbox 431 1532 514 1575; x_wconf 90' lang='lat' dir='ltr'>post</span> <span class='ocrx_word' id='word_1_158' title='bbox 532 1530 724 1575; x_wconf 63' lang='lat' dir='ltr'>praedicta,</span> <span class='ocrx_word' id='word_1_159' title='bbox 744 1531 887 1566; x_wconf 74' lang='lat' dir='ltr'>oblatus</span> 
     </span>
    </p>
   </div>
   <div class='ocr_carea' id='block_1_11' title="bbox 97 1576 920 1668">
    <p class='ocr_par' dir='ltr' id='par_1_11' title="bbox 97 1576 920 1668">
     <span class='ocr_line' id='line_1_22' title="bbox 100 1576 920 1628; baseline 0 -16"><span class='ocrx_word' id='word_1_160' title='bbox 100 1579 153 1612; x_wconf 81' lang='lat' dir='ltr'>est</span> <span class='ocrx_word' id='word_1_161' title='bbox 179 1578 224 1620; x_wconf 75' lang='lat' dir='ltr'>ei,</span> <span class='ocrx_word' id='word_1_162' title='bbox 254 1576 413 1611; x_wconf 91' lang='lat' dir='ltr'>Domino</span> <span class='ocrx_word' id='word_1_163' title='bbox 442 1576 596 1620; x_wconf 85' lang='lat' dir='ltr'>scilicet,</span> <span class='ocrx_word' id='word_1_164' title='bbox 611 1577 724 1612; x_wconf 89' lang='lat' dir='ltr'>homo</span> <span class='ocrx_word' id='word_1_165' title='bbox 752 1578 885 1613; x_wconf 65' lang='lat' dir='ltr'>drente-</span> <span class='ocrx_word' id='word_1_166' title='bbox 918 1602 920 1628; x_wconf 74' lang='lat'>1</span> 
     </span>
     <span class='ocr_line' id='line_1_23' title="bbox 97 1623 886 1668; baseline 0.001 -9"><span class='ocrx_word' id='word_1_167' title='bbox 97 1625 201 1659; x_wconf 78' lang='lat' dir='ltr'>nium</span> <span class='ocrx_word' id='word_1_168' title='bbox 222 1623 370 1666; x_wconf 78' lang='lat' dir='ltr'>habens,</span> <span class='ocrx_word' id='word_1_169' title='bbox 389 1633 501 1658; x_wconf 78' lang='lat' dir='ltr'>caecus</span> <span class='ocrx_word' id='word_1_170' title='bbox 521 1628 554 1658; x_wconf 76' lang='lat' dir='ltr'>et</span> <span class='ocrx_word' id='word_1_171' title='bbox 574 1627 695 1658; x_wconf 78' lang='lat' dir='ltr'>mutus</span> <span class='ocrx_word' id='word_1_172' title='bbox 707 1636 716 1668; x_wconf 80' lang='lat'>3</span> <span class='ocrx_word' id='word_1_173' title='bbox 737 1625 801 1660; x_wconf 83' lang='lat' dir='ltr'>sed</span> <span class='ocrx_word' id='word_1_174' title='bbox 820 1626 886 1660; x_wconf 92' lang='lat' dir='ltr'>Lu-</span> 
     </span>
    </p>
   </div>
   <div class='ocr_carea' id='block_1_12' title="bbox 96 1671 887 2041">
    <p class='ocr_par' dir='ltr' id='par_1_12' title="bbox 96 1671 887 2041">
     <span class='ocr_line' id='line_1_24' title="bbox 96 1671 885 1716; baseline 0 -10"><span class='ocrx_word' id='word_1_175' title='bbox 96 1681 160 1706; x_wconf 86' lang='lat' dir='ltr'>cas</span> <span class='ocrx_word' id='word_1_176' title='bbox 182 1672 326 1706; x_wconf 88' lang='lat' dir='ltr'>mutum</span> <span class='ocrx_word' id='word_1_177' title='bbox 348 1673 509 1713; x_wconf 83' lang='lat' dir='ltr'>tantum,</span> <span class='ocrx_word' id='word_1_178' title='bbox 525 1681 599 1705; x_wconf 86' lang='lat' dir='ltr'>non</span> <span class='ocrx_word' id='word_1_179' title='bbox 623 1681 761 1706; x_wconf 57' lang='lat' dir='ltr'>caecum</span> <span class='ocrx_word' id='word_1_180' title='bbox 780 1671 885 1716; x_wconf 90' lang='lat' dir='ltr'>dicit,</span> 
     </span>
     <span class='ocr_line' id='line_1_25' title="bbox 98 1716 886 1763; baseline 0.001 -10"><span class='ocrx_word' id='word_1_181' title='bbox 98 1721 229 1753; x_wconf 82' lang='lat' dir='ltr'>tacens</span> <span class='ocrx_word' id='word_1_182' title='bbox 251 1716 350 1761; x_wconf 86' lang='lat' dir='ltr'>quod</span> <span class='ocrx_word' id='word_1_183' title='bbox 372 1718 570 1753; x_wconf 79' lang='lat' dir='ltr'>Matthaeus</span> <span class='ocrx_word' id='word_1_184' title='bbox 594 1718 786 1763; x_wconf 71' lang='lat' dir='ltr'>expressit.</span> <span class='ocrx_word' id='word_1_185' title='bbox 812 1720 886 1754; x_wconf 86' lang='lat' dir='ltr'>Nec</span> 
     </span>
     <span class='ocr_line' id='line_1_26' title="bbox 97 1763 886 1809; baseline 0.001 -9"><span class='ocrx_word' id='word_1_186' title='bbox 97 1763 191 1800; x_wconf 85' lang='lat' dir='ltr'>talia</span> <span class='ocrx_word' id='word_1_187' title='bbox 214 1766 301 1799; x_wconf 85' lang='lat' dir='ltr'>sunt</span> <span class='ocrx_word' id='word_1_188' title='bbox 323 1763 361 1798; x_wconf 91' lang='lat' dir='ltr'>in</span> <span class='ocrx_word' id='word_1_189' title='bbox 383 1764 554 1800; x_wconf 83' lang='lat' dir='ltr'>daemone</span> <span class='ocrx_word' id='word_1_190' title='bbox 576 1765 796 1809; x_wconf 76' lang='lat' dir='ltr'>formaliter,</span> <span class='ocrx_word' id='word_1_191' title='bbox 820 1765 886 1801; x_wconf 88' lang='lat' dir='ltr'>sed</span> 
     </span>
     <span class='ocr_line' id='line_1_27' title="bbox 101 1810 885 1856; baseline 0 -9"><span class='ocrx_word' id='word_1_192' title='bbox 101 1811 223 1847; x_wconf 88' lang='lat' dir='ltr'>solum</span> <span class='ocrx_word' id='word_1_193' title='bbox 242 1810 429 1855; x_wconf 82' lang='lat' dir='ltr'>affective,</span> <span class='ocrx_word' id='word_1_194' title='bbox 455 1810 541 1856; x_wconf 89' lang='lat' dir='ltr'>quia</span> <span class='ocrx_word' id='word_1_195' title='bbox 563 1812 739 1847; x_wconf 80' lang='lat' dir='ltr'>effecerat</span> <span class='ocrx_word' id='word_1_196' title='bbox 760 1811 885 1847; x_wconf 89' lang='lat' dir='ltr'>homi-</span> 
     </span>
     <span class='ocr_line' id='line_1_28' title="bbox 101 1858 885 1905; baseline 0.001 -12"><span class='ocrx_word' id='word_1_197' title='bbox 101 1868 189 1893; x_wconf 87' lang='lat' dir='ltr'>nem</span> <span class='ocrx_word' id='word_1_198' title='bbox 211 1868 351 1892; x_wconf 82' lang='lat' dir='ltr'>caecum</span> <span class='ocrx_word' id='word_1_199' title='bbox 373 1859 410 1892; x_wconf 86' lang='lat' dir='ltr'>et</span> <span class='ocrx_word' id='word_1_200' title='bbox 432 1861 603 1902; x_wconf 72' lang='lat' dir='ltr'>mutum,</span> <span class='ocrx_word' id='word_1_201' title='bbox 628 1861 664 1893; x_wconf 86' lang='lat' dir='ltr'>et</span> <span class='ocrx_word' id='word_1_202' title='bbox 684 1858 782 1903; x_wconf 88' lang='lat' dir='ltr'>ideo,</span> <span class='ocrx_word' id='word_1_203' title='bbox 805 1859 885 1905; x_wconf 89' lang='lat' dir='ltr'>ipso</span> 
     </span>
     <span class='ocr_line' id='line_1_29' title="bbox 103 1903 886 1950; baseline 0 -9"><span class='ocrx_word' id='word_1_204' title='bbox 103 1905 237 1950; x_wconf 84' lang='lat' dir='ltr'>ejecto,</span> <span class='ocrx_word' id='word_1_205' title='bbox 250 1903 354 1947; x_wconf 87' lang='lat' dir='ltr'>vidit,</span> <span class='ocrx_word' id='word_1_206' title='bbox 365 1904 767 1949; x_wconf 83' lang='lat' dir='ltr'>etloquebaturhomo.</span> <span class='ocrx_word' id='word_1_207' title='bbox 783 1906 886 1942; x_wconf 85' lang='lat' dir='ltr'>Unde</span> 
     </span>
     <span class='ocr_line' id='line_1_30' title="bbox 106 1952 887 1998; baseline 0.001 -11"><span class='ocrx_word' id='word_1_208' title='bbox 106 1952 298 1997; x_wconf 85' lang='lat' dir='ltr'>sequitur:</span> <span class='ocrx_word' id='word_1_209' title='bbox 312 1953 360 1986; x_wconf 84' lang='lat' dir='ltr'>Et</span> <span class='ocrx_word' id='word_1_210' title='bbox 377 1953 519 1986; x_wconf 70' lang='lat' dir='ltr'>curavit</span> <span class='ocrx_word' id='word_1_211' title='bbox 534 1963 624 1993; x_wconf 82' lang='lat' dir='ltr'>eum,</span> <span class='ocrx_word' id='word_1_212' title='bbox 642 1952 679 1987; x_wconf 88' lang='lat' dir='ltr'>in</span> <span class='ocrx_word' id='word_1_213' title='bbox 696 1964 768 1998; x_wconf 80' lang='lat' dir='ltr'>quo</span> <span class='ocrx_word' id='word_1_214' title='bbox 782 1956 887 1989; x_wconf 85' lang='lat' dir='ltr'>nota-</span> 
     </span>
     <span class='ocr_line' id='line_1_31' title="bbox 107 1997 886 2041; baseline 0.003 -8"><span class='ocrx_word' id='word_1_215' title='bbox 107 2001 171 2034; x_wconf 87' lang='lat' dir='ltr'>tur</span> <span class='ocrx_word' id='word_1_216' title='bbox 194 2009 215 2033; x_wconf 90' lang='lat' dir='ltr'>a</span> <span class='ocrx_word' id='word_1_217' title='bbox 234 1997 420 2033; x_wconf 69' lang='lat' dir='ltr'>dcemonio</span> <span class='ocrx_word' id='word_1_218' title='bbox 442 1998 628 2041; x_wconf 84' lang='lat' dir='ltr'>liberatio,</span> <span class='ocrx_word' id='word_1_219' title='bbox 649 2002 703 2034; x_wconf 74' lang='lat' dir='ltr'>ita</span> <span class='ocrx_word' id='word_1_220' title='bbox 720 2003 760 2034; x_wconf 75' lang='lat' dir='ltr'>ut</span> <span class='ocrx_word' id='word_1_221' title='bbox 785 2001 886 2035; x_wconf 66' lang='lat' dir='ltr'>vide-</span> 
     </span>
    </p>
   </div>
   <div class='ocr_carea' id='block_1_13' title="bbox 107 2044 922 2137">
    <p class='ocr_par' dir='ltr' id='par_1_13' title="bbox 107 2044 922 2137">
     <span class='ocr_line' id='line_1_32' title="bbox 107 2044 922 2091; baseline 0.004 -11"><span class='ocrx_word' id='word_1_222' title='bbox 107 2049 176 2085; x_wconf 78' lang='lat' dir='ltr'>ret,</span> <span class='ocrx_word' id='word_1_223' title='bbox 210 2044 247 2079; x_wconf 89' lang='lat' dir='ltr'>iu</span> <span class='ocrx_word' id='word_1_224' title='bbox 283 2055 355 2090; x_wconf 84' lang='lat' dir='ltr'>quo</span> <span class='ocrx_word' id='word_1_225' title='bbox 392 2044 570 2081; x_wconf 73' lang='lat' dir='ltr'>caecitatis</span> <span class='ocrx_word' id='word_1_226' title='bbox 591 2046 829 2091; x_wconf 84' lang='lat' dir='ltr'>illuminatio,</span> <span class='ocrx_word' id='word_1_227' title='bbox 855 2051 887 2083; x_wconf 80' lang='lat' dir='ltr'>et</span> <span class='ocrx_word' id='word_1_228' title='bbox 920 2058 922 2091; x_wconf 65' lang='grc' dir='ltr'><strong>ς</strong></span> 
     </span>
     <span class='ocr_line' id='line_1_33' title="bbox 107 2091 922 2137; baseline 0.002 -10"><span class='ocrx_word' id='word_1_229' title='bbox 107 2093 328 2136; x_wconf 72' lang='lat' dir='ltr'>loqueretur,</span> <span class='ocrx_word' id='word_1_230' title='bbox 349 2091 387 2127; x_wconf 88' lang='lat' dir='ltr'>in</span> <span class='ocrx_word' id='word_1_231' title='bbox 409 2102 481 2137; x_wconf 85' lang='lat' dir='ltr'>quo</span> <span class='ocrx_word' id='word_1_232' title='bbox 501 2092 659 2137; x_wconf 74' lang='lat' dir='ltr'>loquelae</span> <span class='ocrx_word' id='word_1_233' title='bbox 680 2093 883 2130; x_wconf 77' lang='lat' dir='ltr'>restitutio.</span> <span class='ocrx_word' id='word_1_234' title='bbox 921 2093 922 2129; x_wconf 66' lang='grc' dir='ltr'>ἒ</span> 
     </span>
    </p>
   </div>
   <div class='ocr_carea' id='block_1_14' title="bbox 107 2138 889 2326">
    <p class='ocr_par' dir='ltr' id='par_1_14' title="bbox 107 2138 889 2326">
     <span class='ocr_line' id='line_1_34' title="bbox 108 2138 887 2186; baseline 0.003 -11"><span class='ocrx_word' id='word_1_235' title='bbox 108 2138 177 2175; x_wconf 83' lang='lat' dir='ltr'>Ubi</span> <span class='ocrx_word' id='word_1_236' title='bbox 199 2141 439 2183; x_wconf 71' lang='lat' dir='ltr'>Hieronymus</span> <span class='ocrx_word' id='word_1_237' title='bbox 459 2152 469 2174; x_wconf 89' lang='lat'>:</span> <span class='ocrx_word' id='word_1_238' title='bbox 505 2153 523 2173; x_wconf 89' lang='lat'>«</span> <span class='ocrx_word' id='word_1_239' title='bbox 545 2140 631 2175; x_wconf 85' lang='lat' dir='ltr'>Tria</span> <span class='ocrx_word' id='word_1_240' title='bbox 649 2140 756 2186; x_wconf 84' lang='lat' dir='ltr'>signa</span> <span class='ocrx_word' id='word_1_241' title='bbox 777 2140 887 2177; x_wconf 89' lang='lat' dir='ltr'>simul</span> 
     </span>
     <span class='ocr_line' id='line_1_35' title="bbox 107 2185 887 2232; baseline 0.004 -12"><span class='ocrx_word' id='word_1_242' title='bbox 107 2185 147 2221; x_wconf 87' lang='lat' dir='ltr'>in</span> <span class='ocrx_word' id='word_1_243' title='bbox 173 2186 326 2221; x_wconf 87' lang='lat' dir='ltr'>homine</span> <span class='ocrx_word' id='word_1_244' title='bbox 360 2189 579 2232; x_wconf 87' lang='lat' dir='ltr'>perpetrata</span> <span class='ocrx_word' id='word_1_245' title='bbox 602 2192 691 2223; x_wconf 88' lang='lat' dir='ltr'>sunt</span> <span class='ocrx_word' id='word_1_246' title='bbox 726 2199 734 2223; x_wconf 73' lang='grc' dir='ltr'><strong>ε</strong></span> <span class='ocrx_word' id='word_1_247' title='bbox 767 2199 887 2224; x_wconf 80' lang='lat' dir='ltr'>caecus</span> 
     </span>
     <span class='ocr_line' id='line_1_36' title="bbox 107 2232 889 2279; baseline 0.006 -13"><span class='ocrx_word' id='word_1_248' title='bbox 107 2232 222 2276; x_wconf 86' lang='lat' dir='ltr'>videt,</span> <span class='ocrx_word' id='word_1_249' title='bbox 249 2235 374 2268; x_wconf 88' lang='lat' dir='ltr'>mutus</span> <span class='ocrx_word' id='word_1_250' title='bbox 414 2233 594 2278; x_wconf 88' lang='lat' dir='ltr'>loquitur,</span> <span class='ocrx_word' id='word_1_251' title='bbox 633 2245 828 2279; x_wconf 86' lang='lat' dir='ltr'>possessus</span> <span class='ocrx_word' id='word_1_252' title='bbox 867 2246 889 2271; x_wconf 84' lang='lat' dir='ltr'>a</span> 
     </span>
     <span class='ocr_line' id='line_1_37' title="bbox 107 2279 889 2326; baseline 0.004 -12"><span class='ocrx_word' id='word_1_253' title='bbox 107 2279 280 2315; x_wconf 78' lang='lat' dir='ltr'>daemone</span> <span class='ocrx_word' id='word_1_254' title='bbox 295 2279 488 2316; x_wconf 86' lang='lat' dir='ltr'>liberatur.</span> <span class='ocrx_word' id='word_1_255' title='bbox 510 2281 615 2324; x_wconf 86' lang='lat' dir='ltr'>Quod</span> <span class='ocrx_word' id='word_1_256' title='bbox 630 2285 718 2317; x_wconf 91' lang='lat' dir='ltr'>tunc</span> <span class='ocrx_word' id='word_1_257' title='bbox 737 2282 889 2326; x_wconf 84' lang='lat' dir='ltr'>quidem</span> 
     </span>
    </p>
   </div>
   <div class='ocr_carea' id='block_1_15' title="bbox 106 2326 924 2374">
    <p class='ocr_par' dir='ltr' id='par_1_15' title="bbox 106 2326 924 2374">
     <span class='ocr_line' id='line_1_38' title="bbox 106 2326 924 2374; baseline 0.004 -12"><span class='ocrx_word' id='word_1_258' title='bbox 106 2326 309 2362; x_wconf 83' lang='lat' dir='ltr'>carnaliter</span> <span class='ocrx_word' id='word_1_259' title='bbox 339 2326 481 2362; x_wconf 85' lang='lat' dir='ltr'>factum</span> <span class='ocrx_word' id='word_1_260' title='bbox 512 2332 595 2371; x_wconf 86' lang='lat' dir='ltr'>cst;</span> <span class='ocrx_word' id='word_1_261' title='bbox 621 2330 685 2364; x_wconf 88' lang='lat' dir='ltr'>sed</span> <span class='ocrx_word' id='word_1_262' title='bbox 721 2329 889 2374; x_wconf 83' lang='lat' dir='ltr'>quotidie</span> <span class='ocrx_word' id='word_1_263' title='bbox 922 2350 924 2360; x_wconf 86' lang='lat'>·</span> 
     </span>
    </p>
   </div>
   <div class='ocr_carea' id='block_1_16' title="bbox 103 2373 891 2796">
    <p class='ocr_par' dir='ltr' id='par_1_16' title="bbox 103 2373 891 2796">
     <span class='ocr_line' id='line_1_39' title="bbox 105 2373 887 2421; baseline 0.003 -12"><span class='ocrx_word' id='word_1_264' title='bbox 105 2374 317 2418; x_wconf 87' lang='lat' dir='ltr'>completur</span> <span class='ocrx_word' id='word_1_265' title='bbox 351 2373 391 2408; x_wconf 91' lang='lat' dir='ltr'>in</span> <span class='ocrx_word' id='word_1_266' title='bbox 429 2375 674 2411; x_wconf 80' lang='lat' dir='ltr'>conversione</span> <span class='ocrx_word' id='word_1_267' title='bbox 704 2376 887 2421; x_wconf 82' lang='lat' dir='ltr'>fidelium,</span> 
     </span>
     <span class='ocr_line' id='line_1_40' title="bbox 103 2420 889 2468; baseline 0.004 -12"><span class='ocrx_word' id='word_1_268' title='bbox 103 2423 158 2463; x_wconf 89' lang='lat' dir='ltr'>ut,</span> <span class='ocrx_word' id='word_1_269' title='bbox 181 2420 333 2465; x_wconf 84' lang='lat' dir='ltr'>expulso</span> <span class='ocrx_word' id='word_1_270' title='bbox 360 2420 545 2465; x_wconf 69' lang='lat' dir='ltr'>daemone,</span> <span class='ocrx_word' id='word_1_271' title='bbox 573 2422 734 2468; x_wconf 89' lang='lat' dir='ltr'>primum</span> <span class='ocrx_word' id='word_1_272' title='bbox 761 2424 889 2459; x_wconf 91' lang='lat' dir='ltr'>lumen</span> 
     </span>
     <span class='ocr_line' id='line_1_41' title="bbox 105 2465 889 2512; baseline 0.005 -10"><span class='ocrx_word' id='word_1_273' title='bbox 105 2466 197 2502; x_wconf 88' lang='lat' dir='ltr'>fidei</span> <span class='ocrx_word' id='word_1_274' title='bbox 216 2465 417 2512; x_wconf 86' lang='lat' dir='ltr'>accipiant,</span> <span class='ocrx_word' id='word_1_275' title='bbox 447 2468 581 2504; x_wconf 90' lang='lat' dir='ltr'>deinde</span> <span class='ocrx_word' id='word_1_276' title='bbox 605 2469 645 2504; x_wconf 91' lang='lat' dir='ltr'>in</span> <span class='ocrx_word' id='word_1_277' title='bbox 672 2470 800 2505; x_wconf 88' lang='lat' dir='ltr'>laudes</span> <span class='ocrx_word' id='word_1_278' title='bbox 823 2469 889 2506; x_wconf 86' lang='lat' dir='ltr'>Dei</span> 
     </span>
     <span class='ocr_line' id='line_1_42' title="bbox 106 2513 889 2559; baseline 0.005 -10"><span class='ocrx_word' id='word_1_279' title='bbox 106 2513 273 2550; x_wconf 84' lang='lat' dir='ltr'>tacentia</span> <span class='ocrx_word' id='word_1_280' title='bbox 283 2513 387 2559; x_wconf 86' lang='lat' dir='ltr'>prius</span> <span class='ocrx_word' id='word_1_281' title='bbox 409 2525 475 2550; x_wconf 87' lang='lat' dir='ltr'>ora</span> <span class='ocrx_word' id='word_1_282' title='bbox 496 2516 723 2552; x_wconf 81' lang='lat' dir='ltr'>relaxentur.</span> <span class='ocrx_word' id='word_1_283' title='bbox 744 2532 757 2549; x_wconf 87' lang='lat'>»</span> <span class='ocrx_word' id='word_1_284' title='bbox 785 2518 889 2553; x_wconf 84' lang='lat' dir='ltr'>Unde</span> 
     </span>
     <span class='ocr_line' id='line_1_43' title="bbox 109 2561 890 2605; baseline 0.004 -8"><span class='ocrx_word' id='word_1_285' title='bbox 109 2563 146 2597; x_wconf 81' lang='lat' dir='ltr'>et</span> <span class='ocrx_word' id='word_1_286' title='bbox 179 2561 411 2605; x_wconf 70' lang='lat' dir='ltr'>Anqustinus</span> <span class='ocrx_word' id='word_1_287' title='bbox 447 2574 457 2596; x_wconf 91' lang='lat'>:</span> <span class='ocrx_word' id='word_1_288' title='bbox 496 2576 513 2594; x_wconf 89' lang='lat'>«</span> <span class='ocrx_word' id='word_1_289' title='bbox 538 2564 771 2599; x_wconf 68' lang='lat' dir='ltr'>DmmonIum</span> <span class='ocrx_word' id='word_1_290' title='bbox 789 2564 890 2600; x_wconf 89' lang='lat' dir='ltr'>enim</span> 
     </span>
     <span class='ocr_line' id='line_1_44' title="bbox 106 2608 888 2656; baseline 0.005 -13"><span class='ocrx_word' id='word_1_291' title='bbox 106 2608 264 2652; x_wconf 87' lang='lat' dir='ltr'>habens,</span> <span class='ocrx_word' id='word_1_292' title='bbox 291 2617 412 2643; x_wconf 82' lang='lat' dir='ltr'>caecus</span> <span class='ocrx_word' id='word_1_293' title='bbox 429 2610 466 2643; x_wconf 87' lang='lat' dir='ltr'>et</span> <span class='ocrx_word' id='word_1_294' title='bbox 486 2613 611 2644; x_wconf 87' lang='lat' dir='ltr'>mutus</span> <span class='ocrx_word' id='word_1_295' title='bbox 636 2613 702 2655; x_wconf 86' lang='lat' dir='ltr'>est,</span> <span class='ocrx_word' id='word_1_296' title='bbox 726 2611 789 2656; x_wconf 82' lang='lat' dir='ltr'>qui</span> <span class='ocrx_word' id='word_1_297' title='bbox 810 2622 888 2647; x_wconf 88' lang='lat' dir='ltr'>non</span> 
     </span>
     <span class='ocr_line' id='line_1_45' title="bbox 107 2654 888 2703; baseline 0.004 -12"><span class='ocrx_word' id='word_1_298' title='bbox 107 2654 228 2691; x_wconf 87' lang='lat' dir='ltr'>credit</span> <span class='ocrx_word' id='word_1_299' title='bbox 258 2656 358 2698; x_wconf 89' lang='lat' dir='ltr'>Deo;</span> <span class='ocrx_word' id='word_1_300' title='bbox 381 2658 418 2690; x_wconf 85' lang='lat' dir='ltr'>et</span> <span class='ocrx_word' id='word_1_301' title='bbox 448 2655 620 2692; x_wconf 88' lang='lat' dir='ltr'>subditus</span> <span class='ocrx_word' id='word_1_302' title='bbox 642 2660 697 2692; x_wconf 88' lang='lat' dir='ltr'>est</span> <span class='ocrx_word' id='word_1_303' title='bbox 723 2658 888 2703; x_wconf 87' lang='lat' dir='ltr'>diabolo,</span> 
     </span>
     <span class='ocr_line' id='line_1_46' title="bbox 109 2701 891 2748; baseline 0.006 -12"><span class='ocrx_word' id='word_1_304' title='bbox 109 2701 173 2747; x_wconf 87' lang='lat' dir='ltr'>qui</span> <span class='ocrx_word' id='word_1_305' title='bbox 202 2712 277 2737; x_wconf 89' lang='lat' dir='ltr'>non</span> <span class='ocrx_word' id='word_1_306' title='bbox 297 2701 488 2748; x_wconf 87' lang='lat' dir='ltr'>intelligit,</span> <span class='ocrx_word' id='word_1_307' title='bbox 515 2705 551 2738; x_wconf 83' lang='lat' dir='ltr'>et</span> <span class='ocrx_word' id='word_1_308' title='bbox 584 2714 661 2739; x_wconf 92' lang='lat' dir='ltr'>non</span> <span class='ocrx_word' id='word_1_309' title='bbox 688 2705 891 2741; x_wconf 85' lang='lat' dir='ltr'>confitetur</span> 
     </span>
     <span class='ocr_line' id='line_1_47' title="bbox 107 2748 891 2796; baseline 0.006 -12"><span class='ocrx_word' id='word_1_310' title='bbox 107 2748 230 2795; x_wconf 86' lang='lat' dir='ltr'>ipsam</span> <span class='ocrx_word' id='word_1_311' title='bbox 260 2749 387 2795; x_wconf 86' lang='lat' dir='ltr'>fidem,</span> <span class='ocrx_word' id='word_1_312' title='bbox 416 2749 489 2795; x_wconf 85' lang='lat' dir='ltr'>vel,</span> <span class='ocrx_word' id='word_1_313' title='bbox 517 2749 579 2796; x_wconf 91' lang='lat' dir='ltr'>qui</span> <span class='ocrx_word' id='word_1_314' title='bbox 608 2761 683 2787; x_wconf 91' lang='lat' dir='ltr'>non</span> <span class='ocrx_word' id='word_1_315' title='bbox 713 2751 778 2788; x_wconf 89' lang='lat' dir='ltr'>dat</span> <span class='ocrx_word' id='word_1_316' title='bbox 814 2752 891 2789; x_wconf 87' lang='lat' dir='ltr'>lau-</span> 
     </span>
    </p>
   </div>
   <div class='ocr_carea' id='block_1_17' title="bbox 920 1492 925 2603">
    <p class='ocr_par' dir='ltr' id='par_1_17' title="bbox 920 1492 925 2603">
     <span class='ocr_line' id='line_1_48' title="bbox 920 1492 925 2603; baseline 0 0"><span class='ocrx_word' id='word_1_317' title='bbox 920 1492 925 2603; x_wconf 95' lang='lat' dir='ltr'> </span> 
     </span>
    </p>
   </div>
   <div class='ocr_carea' id='block_1_18' title="bbox 955 1484 1735 2134">
    <p class='ocr_par' dir='ltr' id='par_1_18' title="bbox 955 1484 1735 2134">
     <span class='ocr_line' id='line_1_49' title="bbox 960 1484 1731 1532; baseline 0.006 -13"><span class='ocrx_word' id='word_1_318' title='bbox 960 1484 1045 1520; x_wconf 92' lang='lat' dir='ltr'>dem</span> <span class='ocrx_word' id='word_1_319' title='bbox 1079 1486 1168 1520; x_wconf 88' lang='lat' dir='ltr'>Deo.</span> <span class='ocrx_word' id='word_1_320' title='bbox 1195 1498 1213 1518; x_wconf 74' lang='lat'>»</span> <span class='ocrx_word' id='word_1_321' title='bbox 1235 1486 1341 1521; x_wconf 90' lang='lat' dir='ltr'>Unde</span> <span class='ocrx_word' id='word_1_322' title='bbox 1373 1486 1487 1522; x_wconf 76' lang='lat' dir='ltr'>eIIam</span> <span class='ocrx_word' id='word_1_323' title='bbox 1523 1488 1731 1532; x_wconf 55' lang='grc' dir='ltr'>(ῖΙι-νῃεοεεοἢ</span> 
     </span>
     <span class='ocr_line' id='line_1_50' title="bbox 959 1531 1734 1578; baseline 0.005 -11"><span class='ocrx_word' id='word_1_324' title='bbox 959 1542 1038 1567; x_wconf 79' lang='lat' dir='ltr'>mus</span> <span class='ocrx_word' id='word_1_325' title='bbox 1060 1543 1068 1566; x_wconf 74' lang='grc' dir='ltr'><strong>ε</strong></span> <span class='ocrx_word' id='word_1_326' title='bbox 1096 1547 1109 1563; x_wconf 75' lang='lat' dir='ltr'>u</span> <span class='ocrx_word' id='word_1_327' title='bbox 1133 1533 1185 1567; x_wconf 78' lang='lat' dir='ltr'>Ne</span> <span class='ocrx_word' id='word_1_328' title='bbox 1208 1531 1343 1578; x_wconf 86' lang='lat' dir='ltr'>aliquis</span> <span class='ocrx_word' id='word_1_329' title='bbox 1361 1537 1465 1578; x_wconf 86' lang='lat' dir='ltr'>putet</span> <span class='ocrx_word' id='word_1_330' title='bbox 1487 1533 1574 1578; x_wconf 87' lang='lat' dir='ltr'>quia</span> <span class='ocrx_word' id='word_1_331' title='bbox 1594 1536 1734 1572; x_wconf 81' lang='lat' dir='ltr'>sufficit</span> 
     </span>
     <span class='ocr_line' id='line_1_51' title="bbox 958 1577 1734 1625; baseline 0.008 -12"><span class='ocrx_word' id='word_1_332' title='bbox 958 1577 1101 1613; x_wconf 88' lang='lat' dir='ltr'>homini</span> <span class='ocrx_word' id='word_1_333' title='bbox 1121 1579 1223 1615; x_wconf 82' lang='lat' dir='ltr'>fideli</span> <span class='ocrx_word' id='word_1_334' title='bbox 1238 1590 1466 1625; x_wconf 83' lang='lat' dir='ltr'>cognoscere</span> <span class='ocrx_word' id='word_1_335' title='bbox 1478 1582 1608 1625; x_wconf 87' lang='lat' dir='ltr'>Deum,</span> <span class='ocrx_word' id='word_1_336' title='bbox 1624 1585 1679 1618; x_wconf 83' lang='lat' dir='ltr'>est</span> <span class='ocrx_word' id='word_1_337' title='bbox 1696 1587 1734 1619; x_wconf 82' lang='lat' dir='ltr'>et</span> 
     </span>
     <span class='ocr_line' id='line_1_52' title="bbox 958 1625 1732 1672; baseline 0.006 -12"><span class='ocrx_word' id='word_1_338' title='bbox 958 1625 1212 1661; x_wconf 85' lang='lat' dir='ltr'>necessarium</span> <span class='ocrx_word' id='word_1_339' title='bbox 1225 1626 1395 1662; x_wconf 87' lang='lat' dir='ltr'>confiteri</span> <span class='ocrx_word' id='word_1_340' title='bbox 1420 1629 1560 1672; x_wconf 83' lang='lat' dir='ltr'>Deum3</span> <span class='ocrx_word' id='word_1_341' title='bbox 1585 1632 1622 1664; x_wconf 85' lang='lat' dir='ltr'>et</span> <span class='ocrx_word' id='word_1_342' title='bbox 1646 1629 1732 1666; x_wconf 88' lang='lat' dir='ltr'>ideo</span> 
     </span>
     <span class='ocr_line' id='line_1_53' title="bbox 957 1675 1733 1719; baseline 0.006 -12"><span class='ocrx_word' id='word_1_343' title='bbox 957 1682 1097 1708; x_wconf 64' lang='lat' dir='ltr'>caecum</span> <span class='ocrx_word' id='word_1_344' title='bbox 1117 1676 1154 1708; x_wconf 84' lang='lat' dir='ltr'>et</span> <span class='ocrx_word' id='word_1_345' title='bbox 1184 1677 1331 1709; x_wconf 87' lang='lat' dir='ltr'>mutum</span> <span class='ocrx_word' id='word_1_346' title='bbox 1351 1675 1509 1719; x_wconf 87' lang='lat' dir='ltr'>curavit,</span> <span class='ocrx_word' id='word_1_347' title='bbox 1535 1676 1664 1711; x_wconf 87' lang='lat' dir='ltr'>oculos</span> <span class='ocrx_word' id='word_1_348' title='bbox 1685 1677 1733 1712; x_wconf 87' lang='lat' dir='ltr'>ad</span> 
     </span>
     <span class='ocr_line' id='line_1_54' title="bbox 957 1720 1733 1765; baseline 0.006 -11"><span class='ocrx_word' id='word_1_349' title='bbox 957 1720 1287 1765; x_wconf 87' lang='lat' dir='ltr'>cognoscendum,</span> <span class='ocrx_word' id='word_1_350' title='bbox 1323 1732 1364 1757; x_wconf 87' lang='lat' dir='ltr'>os</span> <span class='ocrx_word' id='word_1_351' title='bbox 1396 1722 1443 1757; x_wconf 87' lang='lat' dir='ltr'>ad</span> <span class='ocrx_word' id='word_1_352' title='bbox 1479 1722 1733 1759; x_wconf 83' lang='lat' dir='ltr'>confitendum</span> 
     </span>
     <span class='ocr_line' id='line_1_55' title="bbox 957 1767 1733 1814; baseline 0.006 -13"><span class='ocrx_word' id='word_1_353' title='bbox 957 1767 1089 1802; x_wconf 89' lang='lat' dir='ltr'>Deum.</span> <span class='ocrx_word' id='word_1_354' title='bbox 1112 1767 1179 1809; x_wconf 82' lang='lat' dir='ltr'>Qui</span> <span class='ocrx_word' id='word_1_355' title='bbox 1201 1768 1407 1814; x_wconf 84' lang='lat' dir='ltr'>cognoscit,</span> <span class='ocrx_word' id='word_1_356' title='bbox 1429 1771 1465 1804; x_wconf 88' lang='lat' dir='ltr'>ct</span> <span class='ocrx_word' id='word_1_357' title='bbox 1484 1780 1560 1804; x_wconf 91' lang='lat' dir='ltr'>non</span> <span class='ocrx_word' id='word_1_358' title='bbox 1581 1770 1733 1806; x_wconf 86' lang='lat' dir='ltr'>confite-</span> 
     </span>
     <span class='ocr_line' id='line_1_56' title="bbox 955 1814 1734 1857; baseline 0.006 -9"><span class='ocrx_word' id='word_1_359' title='bbox 955 1816 1030 1857; x_wconf 87' lang='lat' dir='ltr'>tur,</span> <span class='ocrx_word' id='word_1_360' title='bbox 1058 1814 1120 1849; x_wconf 86' lang='lat' dir='ltr'>ille</span> <span class='ocrx_word' id='word_1_361' title='bbox 1156 1814 1223 1849; x_wconf 88' lang='lat' dir='ltr'>etsi</span> <span class='ocrx_word' id='word_1_362' title='bbox 1259 1815 1386 1850; x_wconf 85' lang='lat' dir='ltr'>oculos</span> <span class='ocrx_word' id='word_1_363' title='bbox 1424 1815 1560 1851; x_wconf 85' lang='lat' dir='ltr'>mentis</span> <span class='ocrx_word' id='word_1_364' title='bbox 1595 1817 1734 1853; x_wconf 82' lang='lat' dir='ltr'>habeat</span> 
     </span>
     <span class='ocr_line' id='line_1_57' title="bbox 957 1862 1732 1907; baseline 0.005 -12"><span class='ocrx_word' id='word_1_365' title='bbox 957 1863 1122 1904; x_wconf 86' lang='lat' dir='ltr'>curatos,</span> <span class='ocrx_word' id='word_1_366' title='bbox 1144 1864 1271 1897; x_wconf 84' lang='lat' dir='ltr'>tamen</span> <span class='ocrx_word' id='word_1_367' title='bbox 1292 1862 1415 1897; x_wconf 82' lang='lat' dir='ltr'>adhuc</span> <span class='ocrx_word' id='word_1_368' title='bbox 1436 1865 1559 1898; x_wconf 86' lang='lat' dir='ltr'>mutus</span> <span class='ocrx_word' id='word_1_369' title='bbox 1575 1866 1643 1899; x_wconf 84' lang='lat' dir='ltr'>est.</span> <span class='ocrx_word' id='word_1_370' title='bbox 1663 1864 1732 1907; x_wconf 87' lang='lat' dir='ltr'>Qui</span> 
     </span>
     <span class='ocr_line' id='line_1_58' title="bbox 958 1907 1731 1957; baseline 0.005 -14"><span class='ocrx_word' id='word_1_371' title='bbox 958 1918 1047 1952; x_wconf 87' lang='lat' dir='ltr'>ergo</span> <span class='ocrx_word' id='word_1_372' title='bbox 1070 1907 1201 1943; x_wconf 80' lang='lat' dir='ltr'>videus</span> <span class='ocrx_word' id='word_1_373' title='bbox 1219 1919 1294 1944; x_wconf 90' lang='lat' dir='ltr'>non</span> <span class='ocrx_word' id='word_1_374' title='bbox 1321 1908 1410 1945; x_wconf 84' lang='lat' dir='ltr'>facit</span> <span class='ocrx_word' id='word_1_375' title='bbox 1438 1913 1626 1955; x_wconf 80' lang='lat' dir='ltr'>praecepta</span> <span class='ocrx_word' id='word_1_376' title='bbox 1650 1911 1731 1957; x_wconf 86' lang='lat' dir='ltr'>Dei,</span> 
     </span>
     <span class='ocr_line' id='line_1_59' title="bbox 959 1954 1734 2001; baseline 0.006 -13"><span class='ocrx_word' id='word_1_377' title='bbox 959 1957 995 1989; x_wconf 88' lang='lat' dir='ltr'>et</span> <span class='ocrx_word' id='word_1_378' title='bbox 1017 1954 1079 1999; x_wconf 84' lang='lat' dir='ltr'>qui</span> <span class='ocrx_word' id='word_1_379' title='bbox 1111 1955 1269 2000; x_wconf 82' lang='lat' dir='ltr'>loquens</span> <span class='ocrx_word' id='word_1_380' title='bbox 1303 1967 1378 1991; x_wconf 90' lang='lat' dir='ltr'>non</span> <span class='ocrx_word' id='word_1_381' title='bbox 1399 1956 1563 2001; x_wconf 79' lang='lat' dir='ltr'>loquitur</span> <span class='ocrx_word' id='word_1_382' title='bbox 1583 1957 1734 1993; x_wconf 85' lang='lat' dir='ltr'>laudem</span> 
     </span>
     <span class='ocr_line' id='line_1_60' title="bbox 958 2000 1735 2049; baseline 0.004 -12"><span class='ocrx_word' id='word_1_383' title='bbox 958 2000 1023 2037; x_wconf 90' lang='lat' dir='ltr'>Dei</span> <span class='ocrx_word' id='word_1_384' title='bbox 1051 2004 1086 2036; x_wconf 88' lang='lat' dir='ltr'>et</span> <span class='ocrx_word' id='word_1_385' title='bbox 1118 2001 1292 2047; x_wconf 81' lang='lat' dir='ltr'>gratiam,</span> <span class='ocrx_word' id='word_1_386' title='bbox 1317 2002 1381 2038; x_wconf 88' lang='lat' dir='ltr'>ille</span> <span class='ocrx_word' id='word_1_387' title='bbox 1407 2003 1474 2038; x_wconf 89' lang='lat' dir='ltr'>etsi</span> <span class='ocrx_word' id='word_1_388' title='bbox 1494 2003 1672 2049; x_wconf 86' lang='lat' dir='ltr'>loquitur,</span> <span class='ocrx_word' id='word_1_389' title='bbox 1697 2007 1735 2041; x_wconf 85' lang='lat' dir='ltr'>et</span> 
     </span>
     <span class='ocr_line' id='line_1_61' title="bbox 957 2048 1734 2095; baseline 0.006 -13"><span class='ocrx_word' id='word_1_390' title='bbox 957 2048 1076 2092; x_wconf 70' lang='lat' dir='ltr'>videt3</span> <span class='ocrx_word' id='word_1_391' title='bbox 1102 2052 1280 2093; x_wconf 84' lang='lat' dir='ltr'>quantum</span> <span class='ocrx_word' id='word_1_392' title='bbox 1309 2050 1355 2085; x_wconf 90' lang='lat' dir='ltr'>ad</span> <span class='ocrx_word' id='word_1_393' title='bbox 1384 2051 1515 2095; x_wconf 87' lang='lat' dir='ltr'>Deum,</span> <span class='ocrx_word' id='word_1_394' title='bbox 1546 2054 1672 2086; x_wconf 85' lang='lat' dir='ltr'>tamen</span> <span class='ocrx_word' id='word_1_395' title='bbox 1697 2054 1734 2087; x_wconf 85' lang='lat' dir='ltr'>et</span> 
     </span>
     <span class='ocr_line' id='line_1_62' title="bbox 958 2097 1733 2134; baseline 0.005 -5"><span class='ocrx_word' id='word_1_396' title='bbox 958 2098 1083 2130; x_wconf 81' lang='lat' dir='ltr'>mutus</span> <span class='ocrx_word' id='word_1_397' title='bbox 1121 2100 1157 2130; x_wconf 88' lang='lat' dir='ltr'>et</span> <span class='ocrx_word' id='word_1_398' title='bbox 1188 2107 1307 2132; x_wconf 69' lang='lat' dir='ltr'>crocus</span> <span class='ocrx_word' id='word_1_399' title='bbox 1343 2100 1412 2132; x_wconf 89' lang='lat' dir='ltr'>est.</span> <span class='ocrx_word' id='word_1_400' title='bbox 1443 2099 1523 2133; x_wconf 90' lang='lat' dir='ltr'>Non</span> <span class='ocrx_word' id='word_1_401' title='bbox 1547 2097 1647 2133; x_wconf 87' lang='lat' dir='ltr'>enim</span> <span class='ocrx_word' id='word_1_402' title='bbox 1670 2098 1733 2134; x_wconf 89' lang='lat' dir='ltr'>ille</span> 
     </span>
    </p>
   </div>
   <div class='ocr_carea' id='block_1_19' title="bbox 921 2141 1732 2190">
    <p class='ocr_par' dir='ltr' id='par_1_19' title="bbox 921 2141 1732 2190">
     <span class='ocr_line' id='line_1_63' title="bbox 921 2141 1732 2190; baseline 0.005 -14"><span class='ocrx_word' id='word_1_403' title='bbox 921 2178 923 2188; x_wconf 22' lang='lat' dir='ltr'>k</span> <span class='ocrx_word' id='word_1_404' title='bbox 959 2141 1060 2177; x_wconf 77' lang='lat' dir='ltr'>videt</span> <span class='ocrx_word' id='word_1_405' title='bbox 1081 2143 1212 2186; x_wconf 85' lang='lat' dir='ltr'>Deum,</span> <span class='ocrx_word' id='word_1_406' title='bbox 1235 2143 1297 2188; x_wconf 89' lang='lat' dir='ltr'>qui</span> <span class='ocrx_word' id='word_1_407' title='bbox 1319 2143 1387 2179; x_wconf 84' lang='lat' dir='ltr'>scit</span> <span class='ocrx_word' id='word_1_408' title='bbox 1409 2145 1526 2179; x_wconf 89' lang='lat' dir='ltr'>Deum</span> <span class='ocrx_word' id='word_1_409' title='bbox 1547 2156 1554 2188; x_wconf 90' lang='grc'>;</span> <span class='ocrx_word' id='word_1_410' title='bbox 1580 2145 1645 2180; x_wconf 93' lang='lat' dir='ltr'>sed</span> <span class='ocrx_word' id='word_1_411' title='bbox 1670 2145 1732 2190; x_wconf 91' lang='lat' dir='ltr'>qui</span> 
     </span>
    </p>
   </div>
   <div class='ocr_carea' id='block_1_20' title="bbox 958 2188 1769 2803">
    <p class='ocr_par' dir='ltr' id='par_1_20' title="bbox 958 2188 1769 2374">
     <span class='ocr_line' id='line_1_64' title="bbox 959 2188 1733 2236; baseline 0.006 -13"><span class='ocrx_word' id='word_1_412' title='bbox 959 2188 1067 2224; x_wconf 85' lang='lat' dir='ltr'>timet</span> <span class='ocrx_word' id='word_1_413' title='bbox 1086 2192 1123 2224; x_wconf 83' lang='lat' dir='ltr'>et</span> <span class='ocrx_word' id='word_1_414' title='bbox 1143 2189 1265 2236; x_wconf 78' lang='lat' dir='ltr'>diligit</span> <span class='ocrx_word' id='word_1_415' title='bbox 1290 2192 1422 2226; x_wconf 90' lang='lat' dir='ltr'>Deum.</span> <span class='ocrx_word' id='word_1_416' title='bbox 1446 2192 1488 2226; x_wconf 91' lang='lat' dir='ltr'>Et</span> <span class='ocrx_word' id='word_1_417' title='bbox 1510 2190 1571 2236; x_wconf 87' lang='lat' dir='ltr'>qui</span> <span class='ocrx_word' id='word_1_418' title='bbox 1594 2194 1676 2227; x_wconf 89' lang='lat' dir='ltr'>orat</span> <span class='ocrx_word' id='word_1_419' title='bbox 1696 2195 1733 2228; x_wconf 81' lang='lat' dir='ltr'>et</span> 
     </span>
     <span class='ocr_line' id='line_1_65' title="bbox 958 2235 1769 2282; baseline 0.004 -11"><span class='ocrx_word' id='word_1_420' title='bbox 958 2235 1098 2282; x_wconf 84' lang='lat' dir='ltr'>psallit,</span> <span class='ocrx_word' id='word_1_421' title='bbox 1120 2239 1156 2271; x_wconf 88' lang='lat' dir='ltr'>et</span> <span class='ocrx_word' id='word_1_422' title='bbox 1187 2247 1262 2272; x_wconf 85' lang='lat' dir='ltr'>non</span> <span class='ocrx_word' id='word_1_423' title='bbox 1293 2236 1381 2272; x_wconf 82' lang='lat' dir='ltr'>facit</span> <span class='ocrx_word' id='word_1_424' title='bbox 1402 2248 1484 2282; x_wconf 74' lang='lat' dir='ltr'>quae</span> <span class='ocrx_word' id='word_1_425' title='bbox 1502 2238 1643 2282; x_wconf 87' lang='lat' dir='ltr'>laudat,</span> <span class='ocrx_word' id='word_1_426' title='bbox 1670 2237 1734 2274; x_wconf 87' lang='lat' dir='ltr'>ille</span> <span class='ocrx_word' id='word_1_427' title='bbox 1766 2272 1769 2274; x_wconf 88' lang='lat'>.</span> 
     </span>
     <span class='ocr_line' id='line_1_66' title="bbox 961 2283 1731 2329; baseline 0.004 -12"><span class='ocrx_word' id='word_1_428' title='bbox 961 2283 1439 2329; x_wconf 86' lang='lat' dir='ltr'>corporeloquitur,animo</span> <span class='ocrx_word' id='word_1_429' title='bbox 1452 2290 1578 2321; x_wconf 84' lang='lat' dir='ltr'>autem</span> <span class='ocrx_word' id='word_1_430' title='bbox 1589 2288 1685 2321; x_wconf 85' lang='lat' dir='ltr'>tacet</span> <span class='ocrx_word' id='word_1_431' title='bbox 1698 2297 1731 2320; x_wconf 72' lang='lat' dir='ltr'>z»</span> 
     </span>
     <span class='ocr_line' id='line_1_67' title="bbox 960 2330 1345 2374; baseline 0.005 -9"><span class='ocrx_word' id='word_1_432' title='bbox 960 2330 1041 2365; x_wconf 82' lang='lat' dir='ltr'>haec</span> <span class='ocrx_word' id='word_1_433' title='bbox 1062 2330 1345 2374; x_wconf 78' lang='lat' dir='ltr'>Chrysostomus.</span> 
     </span>
    </p>

    <p class='ocr_par' dir='ltr' id='par_1_21' title="bbox 959 2377 1733 2803">
     <span class='ocr_line' id='line_1_68' title="bbox 1010 2377 1731 2419; baseline 0.011 -8"><span class='ocrx_word' id='word_1_434' title='bbox 1010 2391 1027 2412; x_wconf 85' lang='lat'>2</span> <span class='ocrx_word' id='word_1_435' title='bbox 1064 2377 1200 2412; x_wconf 78' lang='lat' dir='ltr'>FicunA</span> <span class='ocrx_word' id='word_1_436' title='bbox 1233 2390 1296 2413; x_wconf 80' lang='lat' dir='ltr'>EsT</span> <span class='ocrx_word' id='word_1_437' title='bbox 1328 2391 1472 2415; x_wconf 65' lang='lat' dir='ltr'>nonnus</span> <span class='ocrx_word' id='word_1_438' title='bbox 1504 2392 1541 2417; x_wconf 82' lang='lat' dir='ltr'><strong>IN</strong></span> <span class='ocrx_word' id='word_1_439' title='bbox 1580 2394 1731 2419; x_wconf 61' lang='lat' dir='ltr'>pnccxro</span> 
     </span>
     <span class='ocr_line' id='line_1_69' title="bbox 960 2428 1731 2475; baseline 0.01 -17"><span class='ocrx_word' id='word_1_440' title='bbox 960 2435 1113 2459; x_wconf 79' lang='lat' dir='ltr'><strong>MORTALI</strong></span> <span class='ocrx_word' id='word_1_441' title='bbox 1140 2436 1435 2463; x_wconf 80' lang='lat' dir='ltr'><strong>PERSEVERANTIS.</strong></span> <span class='ocrx_word' id='word_1_442' title='bbox 1467 2446 1511 2453; x_wconf 95' lang='lat'>--</span> <span class='ocrx_word' id='word_1_443' title='bbox 1548 2428 1731 2475; x_wconf 82' lang='lat' dir='ltr'>Spiritua-</span> 
     </span>
     <span class='ocr_line' id='line_1_70' title="bbox 962 2471 1733 2521; baseline 0.008 -15"><span class='ocrx_word' id='word_1_444' title='bbox 962 2471 1060 2515; x_wconf 89' lang='lat' dir='ltr'>liter,</span> <span class='ocrx_word' id='word_1_445' title='bbox 1089 2471 1316 2508; x_wconf 79' lang='lat' dir='ltr'>daemouium</span> <span class='ocrx_word' id='word_1_446' title='bbox 1342 2473 1404 2509; x_wconf 91' lang='lat' dir='ltr'>ille</span> <span class='ocrx_word' id='word_1_447' title='bbox 1430 2474 1558 2518; x_wconf 87' lang='lat' dir='ltr'>habet,</span> <span class='ocrx_word' id='word_1_448' title='bbox 1591 2476 1655 2521; x_wconf 88' lang='lat' dir='ltr'>qui</span> <span class='ocrx_word' id='word_1_449' title='bbox 1691 2476 1733 2512; x_wconf 89' lang='lat' dir='ltr'>in</span> 
     </span>
     <span class='ocr_line' id='line_1_71' title="bbox 960 2520 1731 2567; baseline 0.008 -14"><span class='ocrx_word' id='word_1_450' title='bbox 960 2521 1113 2564; x_wconf 89' lang='lat' dir='ltr'>peccato</span> <span class='ocrx_word' id='word_1_451' title='bbox 1134 2520 1283 2554; x_wconf 88' lang='lat' dir='ltr'>mortali</span> <span class='ocrx_word' id='word_1_452' title='bbox 1303 2524 1531 2567; x_wconf 88' lang='lat' dir='ltr'>perseverat.</span> <span class='ocrx_word' id='word_1_453' title='bbox 1546 2522 1731 2565; x_wconf 83' lang='lat' dir='ltr'>Quamdiu</span> 
     </span>
     <span class='ocr_line' id='line_1_72' title="bbox 961 2565 1731 2615; baseline 0.006 -15"><span class='ocrx_word' id='word_1_454' title='bbox 961 2565 1060 2601; x_wconf 88' lang='lat' dir='ltr'>enim</span> <span class='ocrx_word' id='word_1_455' title='bbox 1098 2569 1292 2611; x_wconf 89' lang='lat' dir='ltr'>peccatum</span> <span class='ocrx_word' id='word_1_456' title='bbox 1330 2567 1368 2603; x_wconf 92' lang='lat' dir='ltr'>in</span> <span class='ocrx_word' id='word_1_457' title='bbox 1406 2567 1558 2604; x_wconf 89' lang='lat' dir='ltr'>homine</span> <span class='ocrx_word' id='word_1_458' title='bbox 1583 2573 1731 2615; x_wconf 86' lang='lat' dir='ltr'>regnat,</span> 
     </span>
     <span class='ocr_line' id='line_1_73' title="bbox 959 2611 1732 2661; baseline 0.006 -14"><span class='ocrx_word' id='word_1_459' title='bbox 959 2611 1104 2648; x_wconf 84' lang='lat' dir='ltr'>tamdiu</span> <span class='ocrx_word' id='word_1_460' title='bbox 1134 2612 1252 2648; x_wconf 86' lang='lat' dir='ltr'>victus</span> <span class='ocrx_word' id='word_1_461' title='bbox 1273 2616 1310 2649; x_wconf 86' lang='lat' dir='ltr'>et</span> <span class='ocrx_word' id='word_1_462' title='bbox 1335 2615 1503 2661; x_wconf 78' lang='lat' dir='ltr'>captivus</span> <span class='ocrx_word' id='word_1_463' title='bbox 1534 2626 1557 2651; x_wconf 87' lang='lat' dir='ltr'>a</span> <span class='ocrx_word' id='word_1_464' title='bbox 1582 2616 1732 2652; x_wconf 89' lang='lat' dir='ltr'>diabolo</span> 
     </span>
     <span class='ocr_line' id='line_1_74' title="bbox 959 2658 1731 2707; baseline 0.006 -13"><span class='ocrx_word' id='word_1_465' title='bbox 959 2658 1173 2705; x_wconf 87' lang='lat' dir='ltr'>possidetur</span> <span class='ocrx_word' id='word_1_466' title='bbox 1191 2662 1226 2695; x_wconf 87' lang='lat' dir='ltr'>et</span> <span class='ocrx_word' id='word_1_467' title='bbox 1241 2661 1460 2707; x_wconf 90' lang='lat' dir='ltr'>captivatur.</span> <span class='ocrx_word' id='word_1_468' title='bbox 1472 2663 1588 2698; x_wconf 85' lang='lat' dir='ltr'>Vexat</span> <span class='ocrx_word' id='word_1_469' title='bbox 1608 2667 1731 2699; x_wconf 88' lang='lat' dir='ltr'>autem</span> 
     </span>
     <span class='ocr_line' id='line_1_75' title="bbox 961 2706 1731 2756; baseline 0.005 -15"><span class='ocrx_word' id='word_1_470' title='bbox 961 2717 1048 2742; x_wconf 87' lang='lat' dir='ltr'>eum</span> <span class='ocrx_word' id='word_1_471' title='bbox 1075 2706 1304 2743; x_wconf 79' lang='lat' dir='ltr'>daemonium</span> <span class='ocrx_word' id='word_1_472' title='bbox 1336 2708 1470 2755; x_wconf 83' lang='lat' dir='ltr'>triplex</span> <span class='ocrx_word' id='word_1_473' title='bbox 1499 2719 1509 2743; x_wconf 71' lang='grc' dir='ltr'><strong>ε</strong></span> <span class='ocrx_word' id='word_1_474' title='bbox 1541 2709 1731 2756; x_wconf 88' lang='lat' dir='ltr'>superbia,</span> 
     </span>
     <span class='ocr_line' id='line_1_76' title="bbox 961 2752 1728 2803; baseline 0.005 -13"><span class='ocrx_word' id='word_1_475' title='bbox 961 2752 1002 2790; x_wconf 90' lang='lat' dir='ltr'>in</span> <span class='ocrx_word' id='word_1_476' title='bbox 1022 2756 1170 2800; x_wconf 83' lang='lat' dir='ltr'>mente3</span> <span class='ocrx_word' id='word_1_477' title='bbox 1195 2754 1510 2803; x_wconf 83' lang='lat' dir='ltr'>concupiscentia,</span> <span class='ocrx_word' id='word_1_478' title='bbox 1531 2755 1571 2793; x_wconf 89' lang='lat' dir='ltr'>in</span> <span class='ocrx_word' id='word_1_479' title='bbox 1594 2767 1728 2801; x_wconf 88' lang='lat' dir='ltr'>carne;</span> 
     </span>
    </p>
   </div>
  </div>
 </body>
</html>
