1894 3186
144 180 202 215 320
593 187 739 220 militi:
776 187 931 220 PARTls
970 186 1102 220 CAPUT
1141 186 1331 221 Lxxxlx

146 265 288 298 eorum,
311 264 474 298 emessa-5
494 255 579 290 inde
599 256 716 299 Jesus,
748 254 891 291 seilicet
912 266 933 291 a

144 301 313 347 partibus
332 302 565 345 Judaeorum,
593 301 685 338 abiit
703 306 740 337 et
763 305 871 338 cessit
894 305 931 338 in

143 352 268 393 partes
291 351 379 393 Tyri
397 353 429 384 et
452 349 617 393 Sidonis,
640 353 678 384 ut
706 351 840 394 'syrios
867 350 931 385 Si-

146 394 351 441 doniosque
379 400 544 440 curaret,
565 400 602 432 et
639 396 851 432 Gentilibus
872 398 930 432 be-

150 452 197 478 ne
211 443 361 478 faceret.
375 444 492 489 Tyrus
509 442 606 479 enim
625 447 662 479 et
683 443 797 479 Sidon
819 444 931 479 urbes

149 490 300 525 sueiunt
328 490 627 526 Chananaeorum
649 493 685 525 et
712 490 928 534 Gentilium,

145 535 226 572 sitae
240 537 415 572 tamenin
432 540 534 573 terra
547 536 826 583 promissionis
847 547 928 582 pro-

145 593 191 628 pe
216 589 380 619 montem
401 583 543 628 Libani,
566 595 604 619 in
641 584 751 619 ceide
784 583 926 628 maris;

146 630 234 675 quia
255 630 323 666 filii
345 631 461 667 Israel
482 642 555 667 non
579 633 783 676 potuerunt
807 630 927 665 totali-

149 680 205 713 ter
225 678 410 724 expellere
432 682 468 713 et
485 677 732 714 exterminare
761 677 927 713 Gentiles

146 725 191 760 de
213 728 313 761 terra
329 725 656 770 promissionis.Et
672 734 759 765 eece,
773 735 857 759 cum
873 724 928 760 in-

144 782 297 817 gressus
319 776 419 808 esset
440 771 621 807 Dominus
638 771 841 815 quamdam
862 772 926 807 do-

144 829 245 854 mum
262 830 374 854 causa
395 818 532 864 quietis
550 829 592 853 ex
613 818 740 853 labore
761 818 844 862 viae,
867 830 924 854 ac-

145 866 311 901 cessitad
328 876 411 901 eum
427 867 556 900 mulier
574 865 732 901 Gentilis
745 876 819 901 non
837 867 924 902 edo-

144 916 202 948 cta
214 924 281 958 per
298 913 505 958 Prophetas
513 916 547 947 et
558 913 707 957 Legem,
720 914 920 949 Chammaea

142 959 308 1003 natione,
338 959 625 1005 syrophoenissa
646 970 784 1004 genere
803 971 811 1003 ;
834 962 921 1006 quia

141 1006 582 1052 Chananaeiquandoque
595 1006 739 1052 Syriam
750 1011 787 1042 et
807 1008 916 1043 Phoe-

142 1053 260 1089 uicem
282 1056 477 1094 tenebant,
492 1060 532 1089 ut
547 1054 694 1089 dicatur
712 1055 918 1106 Syrophoe-

142 1100 257 1144 nissa,
274 1101 361 1146 quia
379 1112 400 1136 a
420 1102 522 1147 Syris
539 1104 575 1137 et
597 1100 837 1137 Phoenicibus
857 1102 918 1137 de-

141 1149 358 1191 scenderat;
384 1148 491 1194 Syria
523 1148 660 1194 quippe
700 1153 756 1184 est
778 1160 916 1185 nomen

139 1196 317 1241 generale
345 1195 561 1241 proxinciae,
592 1195 743 1231 Phoenis
778 1207 915 1232 nomen

139 1243 335 1295 cujusdam
358 1243 531 1288 specialis
553 1246 770 1281 contractae
793 1242 830 1278 in
854 1243 918 1279 illa

138 1289 332 1335 provincia
351 1290 445 1334 sitae,
456 1290 582 1325 etideo
604 1289 841 1335 componitui
856 1292 918 1336 Sy-

138 1337 388 1382 roplioenissa,
418 1337 454 1371 id
482 1341 537 1371 est
561 1337 605 1372 de
635 1336 696 1371 tali
725 1328 917 1373 contracia

138 1385 312 1419 oriunda.
334 1386 418 1419 ere
439 1394 528 1428 ergo
546 1383 681 1418 mulier
704 1383 916 1420 Cliananaea

138 1442 159 1465 a.
175 1432 308 1475 finibus
327 1433 403 1465 iilis
423 1442 578 1474 effressn,
601 1441 673 1465 non
691 1431 809 1465 solum
827 1441 849 1466 a
869 1431 916 1466 ci-

139 1477 314 1513 vitatibus
338 1488 404 1523 pro
425 1482 661 1523 peccatorum
679 1477 912 1522 dimissione,

136 1528 199 1560 sed
215 1535 236 1560 a
256 1524 395 1560 finibus
410 1535 476 1570 per
491 1524 782 1570 elongationem,
802 1528 837 1560 et
857 1536 914 1561 oc-

137 1571 331 1607 casionum
352 1571 583 1614 vitationem,
597 1571 687 1616 quia
702 1571 801 1607 istud
817 1571 853 1607 in
870 1573 911 1607 fi-

135 1620 245 1655 nibus
266 1623 415 1664 gestum
436 1623 491 1654 est
510 1618 724 1656 Gentilium,
746 1619 808 1654 ubi
831 1630 911 1655 mu-

136 1666 203 1701 lier
220 1667 448 1711 sequebatur
466 1668 607 1702 Jesum.
635 1665 767 1700 Mulier
786 1677 808 1701 a
828 1666 911 1702 tini-

134 1714 204 1749 bus
222 1713 308 1757 illis,
325 1713 465 1749 scilicet
479 1712 678 1749 Gentilium
692 1717 727 1748 et,
742 1717 910 1758 peccato-

135 1771 230 1804 rum,
253 1771 419 1805 egressa,
437 1760 625 1805 significat
643 1770 809 1796 animam
828 1771 910 1806 pec-

134 1807 310 1843 catricem
349 1818 371 1843 a
406 1807 545 1843 finibus
577 1810 814 1852 peccatorum
842 1818 909 1853 per

132 1854 391 1899 poenitentiam
407 1865 446 1890 se
459 1857 702 1890 avertentem.
714 1856 793 1889 Non
809 1855 907 1891 enim

131 1901 269 1937 sufficit
289 1901 429 1937 homini
450 1912 472 1937 a
490 1900 654 1947 peccatis
669 1911 707 1936 se
721 1906 905 1947 avertere,

131 1948 201 1984 nisi
217 1953 328 1985 etiam
339 1952 446 1984 exeat
459 1960 481 1984 a
499 1947 636 1983 finibus
647 1953 905 1994 peecatorum,

131 1996 193 2041 qui
222 1999 307 2031 sunt
327 2006 541 2031 occasiones
559 1995 737 2041 peccandi
760 2000 796 2031 et
813 2007 907 2032 cau-

130 2054 192 2078 sae.
218 2044 322 2079 Unde
346 2045 578 2087 Augustinus
599 2056 609 2078 .·
645 2057 657 2074 ii
682 2042 789 2079 Fines
812 2054 906 2089 pec—

127 2094 295 2126 catorum
317 2090 415 2126 exire
431 2095 487 2126 est
511 2101 644 2125 causas
665 2098 903 2136 pcccatorum

128 2137 356 2180 exscindere,
379 2141 416 2173 et
443 2148 572 2173 eorum
601 2138 905 2183 suggestionibus

128 2185 269 2220 aditum
291 2196 363 2221 non
391 2185 601 2230 indulgere.
627 2198 643 2217 »
669 2184 735 2220 Ubi
766 2190 902 2221 notan-

128 2232 230 2272 dum,
250 2233 347 2277 quod
367 2233 516 2278 quando
535 2242 648 2278 supra
669 2231 759 2267 dixit
781 2233 904 2268 Domi-

129 2289 199 2314 nus
221 2290 228 2314 :
250 2281 291 2314 In
326 2282 424 2314 viam
458 2279 625 2315 Gentium
649 2290 693 2314 ne
722 2280 902 2325 abieritis,

128 2325 269 2361 scilicet
299 2328 344 2361 ad
376 2326 671 2372 praedicandum,
695 2325 795 2362 istud
817 2338 903 2363 ver-

126 2373 215 2408 bum
242 2373 417 2418 prohibet
444 2373 715 2417 invitationem,
737 2384 814 2409 non
839 2385 900 2410 re-

126 2419 352 2464 ceptionem,
375 2420 404 2454 si
426 2420 623 2464 venirent;
652 2421 750 2456 unde
773 2421 902 2457 Domi-

127 2477 197 2501 nus
216 2465 413 2501 mulierem
433 2466 594 2501 exterius
615 2448 689 2502 iton
712 2467 901 2513 invitavit,

126 2513 192 2549 sed
214 2512 427 2548 venientein
450 2512 605 2556 recepit,
626 2516 661 2547 et
689 2514 759 2547 hoe
781 2515 900 2558 signi-

126 2560 262 2596 ficatur
299 2559 338 2594 in
375 2559 541 2594 adventu
583 2561 790 2612 Mago-,rum
814 2562 902 2604 quia

129 2607 287 2643 Domino
306 2611 393 2642 sunt
423 2604 562 2651 recepti
592 2606 696 2651 quasi
728 2606 902 2651 primitiae

127 2654 316 2691 Gentium.

195 2716 212 2737 2
242 2703 347 2737 Fines
368 2713 410 2737 ET
430 2712 618 2736 CONFESSIO
652 2712 758 2736 Huius
779 2712 903 2737 MULIE-

127 2761 196 2785 ms.
231 2770 276 2775 -
298 2750 370 2784 Ista
403 2748 503 2784 enim
536 2747 669 2783 mulier
697 2748 833 2783 samam
865 2752 901 2783 et

126 2796 307 2832 miracula
326 2797 414 2832 Jesu
433 2795 624 2831 audiverat
645 2805 653 2838 ;
675 2793 759 2830 ideo
780 2794 898 2830 firmi-

1013 259 1070 291 ter
1083 256 1260 293 credebat
1276 256 1374 304 quod
1389 257 1505 293 filiam
1518 267 1622 292 suam
1642 268 1776 295 sanare

1012 305 1285 348 potei·at.Unde
1302 305 1621 346 clamat-inspiceris
1639 307 1671 339 ei
1685 317 1692 340 ε
1704 308 1775 341 Μί-

1011 361 1126 385 serere
1143 351 1324 397 mei,quia
1337 351 1475 387 misera
1495 362 1595 394 sum;
1610 351 1775 388 etinhoc

1013 398 1111 441 quod
1128 397 1230 439 dicit,
1246 400 1328 441 mei,
1346 402 1449 445 patet
1469 398 1705 434 vehementia
1720 400 1776 434 af-

1011 445 1212 488 fectussui,
1228 445 1315 491 quia
1334 446 1469 481 malum
1488 445 1669 488 alienum,
1682 445 1778 481 seili-

1011 494 1067 526 cet
1089 491 1190 535 filiae,
1206 496 1353 538 reputat
1373 503 1503 536 suum;
1528 493 1580 527 sic
1591 492 1700 528 debet
1723 493 1776 529 sa-

1010 549 1093 574 cere
1111 539 1287 584 praelatus
1305 539 1461 585 quilibet
1478 550 1568 585 erga
1584 539 1774 583 subditos;

1008 587 1156 620 Domine
1161 590 1332 632 ‚propter
1346 591 1519 622 naturam
1535 586 1712 629 divinam
1723 588 1779 632 fili

1006 634 1139 676 David,
1158 617 1309 679 propter
1327 634 1477 669 human
1480 644 1544 675 im
1565 634 1629 668 sed
1642 615 1776 669 siniul:

1006 681 1167 722 Domine,
1204 682 1260 725 fili
1293 682 1425 723 David,
1452 685 1613 732 'propter
1650 691 1778 726 perso-

1006 737 1093 761 nam
1115 726 1152 762 in
1175 728 1321 763 duabus
1338 708 1481 762 natiiiis
1507 726 1662 762 unitam.
1684 728 1779 770 Qua-

1005 772 1035 808 si
1057 773 1228 810 diceret.-
1251 776 1299 809 Ex
1320 773 1445 810 divina
1476 774 1592 809 habes
1611 777 1775 820 potesta-

1003 824 1093 864 tem,
1113 821 1201 866 quia
1220 825 1353 867 potens
1373 831 1426 863 es,
1449 820 1624 863 Domine;
1644 832 1686 856 ex
1707 822 1776 858 hu-

1005 878 1115 903 mana
1139 869 1383 911 voluntatem,
1406 867 1495 913 quia
1520 867 1635 903 David
1663 869 1777 905 habes

1002 915 1348 958 mansuetudini·m;
1372 925 1414 950 ex
1435 914 1571 950 unione
1594 915 1777 951 commis-

1002 962 1160 1005 sionem,
1176 962 1262 1007 quia
1275 962 1357 997 ideo
1373 964 1468 997 Deus
1480 962 1596 997 factus
1608 967 1664 998 est
1678 963 1777 999 filius

1000 1009 1131 1053 David,
1173 1013 1210 1045 ut
1235 1020 1303 1044 nos
1324 1009 1454 1044 salvet.
1491 1008 1623 1045 Filium
1648 1013 1774 1046 autem

1001 1056 1117 1091 David
1149 1056 1326 1102 appellat,
1353 1057 1439 1101 quia
1474 1055 1664 1092 Christum
1688 1067 1773 1102 pro-

999 1102 1152 1139 missum
1169 1104 1311 1139 Judaeis
1328 1103 1557 1139 descendere
1568 1103 1613 1139 de
1635 1114 1773 1148 genere

999 1150 1116 1185 David
1137 1150 1346 1186 audiverat.
1367 1152 1503 1195 Magna
1524 1150 1618 1186 fides
1632 1151 1773 1187 Chana-

999 1208 1090 1233 naeae
1114 1198 1172 1233 hic
1195 1202 1356 1241 notatur,
1376 1198 1463 1243 quia
1486 1208 1614 1233 verum
1644 1199 1772 1243 Deum,

999 1249 1036 1279 et
1055 1256 1185 1280 verum
1204 1245 1393 1280 hominem
1409 1247 1535 1280 Jesum
1552 1245 1771 1289 confitetur,-

998 1292 1114 1327 Deum
1150 1291 1281 1335 credit,
1305 1292 1367 1327 ubi
1400 1292 1598 1327 Dominum
1635 1295 1771 1328 vocat:

998 1339 1188 1374 hominem
1210 1338 1341 1382 credit,
1363 1339 1425 1374 ubi
1445 1339 1563 1374 filium
1582 1338 1698 1374 David
1715 1339 1771 1375 di-

998 1385 1058 1420 cit.
1083 1386 1179 1421 Nihil
1207 1397 1248 1421 ex
1268 1387 1400 1421 merito
1421 1386 1598 1431 postulat,
1620 1386 1685 1421 sed
1712 1397 1770 1422 so-

998 1432 1073 1468 lum
1095 1433 1159 1468 Dei
1184 1433 1479 1468 misericordiam
1500 1434 1691 1477 elssagitat,
1713 1433 1767 1469 (li-

997 1490 1085 1514 cens
1107 1492 1113 1514 :
1134 1480 1310 1515 Miserere
1333 1480 1418 1522 mci,
1441 1484 1509 1514 etc.
1535 1480 1647 1522 Quasi
1669 1479 1768 1516 dice-

996 1532 1078 1562 ret:
1101 1528 1181 1562 Non
1206 1527 1325 1572 allego
1354 1527 1542 1570 meritum,
1571 1538 1645 1563 non
1680 1531 1766 1572 peto

991 1573 1187 1618 judii-ium,
1213 1585 1285 1608 non
1319 1573 1518 1609 obliviscor
1549 1573 1764 1618 desectum3

995 1621 1059 1656 sed
1080 1621 1226 1666 postulo
1248 1621 1489 1664 beneficium,
1512 1624 1548 1656 et
1567 1620 1650 1657 ideo
1675 1634 1682 1658 :
1706 1621 1770 1657 Mi-

994 1678 1119 1703 serere
1145 1667 1230 1703 mei.
1263 1668 1363 1703 Unde
1389 1668 1441 1703 ait
1468 1670 1738 1713 Clirgssostomus
1759 1680 1766 1704 z

995 1714 1209 1751 «Miserere
1238 1715 1324 1757 mei,
1346 1717 1518 1759 Domine,
1551 1715 1602 1750 sili
1636 1715 1764 1751 David.

992 1763 1019 1798 Ο
1041 1762 1221 1808 praeclara
1242 1762 1445 1798 consessio!
1470 1762 1706 1807 Evaugeiista
1728 1763 1768 1798 sit

992 1810 1138 1854 mulier,
1162 1809 1338 1845 deitatem
1358 1811 1438 1855 ejus
1460 1813 1495 1844 et
1517 1809 1765 1855 dispensatio-

991 1867 1077 1891 nem
1101 1856 1331 1892 annuntians
1352 1868 1361 1899 ;
1387 1859 1586 1892 confitetur
1605 1856 1706 1892 enim
1730 1860 1764 1892 et

990 1903 1651 1947 domiiiatiOiiem,etlncai’nationem
1662 1905 1760 1948 ejus:

990 1951 1165 1986 Mi>erere
1206 1950 1290 1986 mei.
1333 1950 1445 1986 Vides
1485 1950 1762 1996 philosophiam

990 1997 1156 2033 mulieris
1172 1997 1328 2033 dicentis
1350 2009 1358 2032 ε
1380 1997 1555 2033 Miserere
1575 1997 1660 2034 mei.
1683 1999 1762 2033 Non

990 2044 1122 2090 inquit,
1147 2046 1265 2080 liabeo
1290 2044 1555 2080 conscientiam
1578 2046 1761 2080 bonorum

989 2102 1158 2137 operum,
1181 2102 1246 2127 nec
1268 2097 1378 2127 rectae
1396 2092 1479 2127 vitre
1495 2091 1682 2127 tiduciam.
1704 2091 1759 2126 Ad

990 2139 1283 2174 misericordiam
1319 2138 1509 2184 confugio,
1541 2138 1602 2174 ubi
1641 2141 1761 2174 cessat

984 2186 1195 2232 judicium;
1222 2186 1269 2221 ad
1305 2184 1599 2221 inisericordiam
1634 2186 1761 2220 consu-

987 2233 1062 2278 gio,
1081 2232 1142 2285 ubi
1168 2232 1369 2268 ineffabilis
1388 2234 1488 2268 salus
1499 2236 1582 2267 est:
1610 2231 1760 2267 Misere-

986 2291 1026 2315 ie
1047 2279 1132 2315 mei.
1157 2279 1324 2315 Modicus
1345 2289 1483 2323 seimo,
1508 2279 1573 2314 sed
1594 2278 1758 2314 immen-

987 2338 1068 2363 sum
1099 2325 1345 2372 benignitatis
1379 2326 1543 2361 continet
1569 2325 1756 2378 pelagus·
1749 2353 1757 2368 ,

986 2374 1050 2410 ubi
1075 2374 1173 2410 enim
1192 2373 1258 2409 mi
1245 2372 1447 2409 ericorilia
1468 2374 1688 2418 postulatur,
1706 2371 1757 2408 ibi

986 2421 1159 2457 universa
1179 2422 1453 2466 comprehensa
1483 2423 1568 2455 sunt
1588 2421 1716 2455 bona:
1738 2433 1754 2451 ι)

986 2469 1065 2504 haec
1085 2470 1367 2512 Chiysostomus.
1391 2469 1445 2510 Et,
1466 2470 1507 2502 ut
1529 2465 1649 2511 magis
1670 2476 1755 2501 eum

985 2516 1031 2551 ad
1053 2514 1351 2560 compassionem
1379 2517 1539 2557 mov‚eat
1570 2516 1691 2548 totum
1723 2512 1756 2547 ci

985 2562 1153 2595 dolorem
1175 2566 1340 2603 enarrat,
1366 2560 1495 2596 dicens
1515 2571 1523 2594 :
1546 2561 1642 2595 Filia
1661 2570 1754 2603 mea,

986 2617 1059 2641 non
1082 2605 1231 2648 ancilla,
1255 2617 1326 2640 non
1353 2612 1542 2646 extranea,
1569 2606 1634 2641 sed
1662 2605 1754 2650 filia,

985 2653 1085 2698 quod
1106 2656 1159 2688 est
1178 2652 1267 2687 milii
1288 2652 1453 2698 gravius,
1471 2654 1565 2687 male
1582 2658 1752 2697 vescatur,

984 2711 1057 2735 non
1078 2709 1310 2745 quocumque
1332 2699 1474 2743 dolore,
1497 2699 1561 2734 sed
1581 2710 1603 2734 a
1622 2700 1753 2734 dsemo-

983 2749 1057 2790 nto,
1080 2746 1178 2792 quod
1198 2751 1253 2781 est
1274 2745 1306 2781 ei
1330 2746 1587 2791 periculosius,
1611 2748 1651 2781 ln
1678 2756 1752 2791 quo

984 2794 1136 2830 vulnera
1156 2792 1299 2829 medico
1320 2793 1473 2839 detegit,
1501 2796 1538 2829 et
1560 2792 1749 2838 magnitu-
