1894 3186
262 209 317 243 DE
354 208 483 244 VERB.
524 207 646 248 DOM.,
686 208 813 242 PROP.
853 209 944 248 QUAE
981 208 1150 248 QUIDAM
1188 210 1330 244 RETRO
1368 211 1608 246 ABIERUNT.
1703 215 1759 250 193

121 283 290 318 mentum
311 276 504 315 suavitatis
520 287 528 322 ;
545 276 654 313 malis
672 280 799 314 autem
818 280 898 314 crat

119 327 320 374 insipidus,
354 335 514 371 quorum
552 324 679 360 anima
717 336 897 362 nauseam

118 376 296 418 habebat,
320 382 430 418 super
451 371 533 407 cibo
552 371 616 407 illo
636 373 789 417 quando
814 374 899 409 cde-

119 423 221 459 bant.
246 421 306 457 Sic
325 419 561 456 Eucharistia
579 418 691 465 digne
714 421 898 456 sumenti-

118 470 203 513 bus,
225 471 280 504 est
308 467 391 502 vitae
413 465 619 512 spirituaHs
642 467 840 511 solatium,
863 471 901 503 et

116 516 269 562 indigne
285 514 531 555 sumentibus,
550 513 814 560 estjudicium.
836 515 900 551 1116

116 574 206 609 ergo
232 566 288 598 est
318 572 405 597 vere
433 560 542 607 panis
563 560 663 604 vita),
689 572 754 597 seu
778 562 899 606 vivus,

117 614 154 648 et
170 610 215 646 de
230 609 323 645 coelo
339 608 582 652 descendens,
594 608 656 654 qui
668 612 792 655 potest
809 620 902 655 prze-

116 667 268 694 servare
296 667 318 691 a
349 658 471 691 morte
493 656 700 692 secundum
719 656 900 701 animam,

118 707 155 741 et
187 704 278 740 dare
312 702 427 739 vitam
459 707 661 748 aeternam3
688 703 775 739 talis
812 715 901 740 vcro

119 751 225 798 panis
255 754 310 786 est
344 751 505 787 Verbum
533 751 786 795 incarnatum,
827 762 902 787 non

120 801 247 836 autem
265 798 375 833 datus
396 809 418 833 a
434 799 559 843 Moyse
576 797 614 833 in
633 798 796 842 deserto,
815 798 903 844 quia

119 846 242 889 multi,
274 845 336 891 qui
373 855 416 880 ex
459 845 522 880 illo
567 846 903 889 manducaverunt,

121 892 259 930 mortui
279 895 365 928 sunt
385 892 423 927 in
443 893 584 937 anima,
599 897 636 929 et
658 897 778 929 morte
800 896 906 929 aeter-

121 944 186 976 na:¹
206 941 250 975 Et
268 943 359 975 tunc
384 940 482 975 inter
502 943 628 976 cetera
654 940 746 976 dixit
768 940 822 976 eis
843 942 903 976 Je-

123 998 186 1024 sus
215 987 330 1022 verba
364 986 576 1033 spiritualia
605 987 652 1023 de
686 998 844 1034 corpore
869 991 906 1023 et

123 1034 304 1080 sanguine
329 1045 395 1069 suo
425 1045 433 1069 z
457 1036 582 1076 Panis,
612 1033 750 1080 inquit,
785 1035 823 1070 id
850 1038 907 1070 est

120 1081 312 1128 signatum
332 1092 400 1127 per
419 1091 570 1127 panem,
589 1092 693 1126 quem
711 1093 786 1126 690,
810 1091 907 1117 sum-

121 1139 208 1166 mus
240 1128 435 1173 Sacerdos,
462 1129 555 1164 dabo
581 1128 907 1164 sacramentaliter

122 1179 160 1212 et
186 1175 442 1222 spiritualiter,
466 1175 525 1211 vel
564 1176 698 1211 saltem
729 1176 905 1222 spiritua-

123 1223 209 1259 liter
228 1221 483 1265 manducanti,
506 1233 588 1257 caro
614 1233 692 1258 mea
713 1226 765 1258 est
785 1223 906 1258 latens

126 1271 196 1307 51111
229 1269 353 1315 specie
385 1269 507 1315 panis,
531 1279 599 1315 pro
628 1269 761 1305 mundi
792 1269 907 1305 totius

124 1317 203 1353 vita
223 1317 481 1360 sufiicienter3
505 1321 542 1352 et
562 1317 593 1351 si
619 1316 658 1352 in
681 1317 907 1363 quibusdam

128 1375 206 1401 non
240 1363 368 1408 efficit,
391 1364 502 1409 culpa
531 1374 661 1400 eorum
688 1368 757 1400 est.
781 1366 824 1399 Et
844 1365 909 1399 ite-

126 1422 213 1448 rum
232 1423 240 1446 ;
258 1413 341 1449 Nisi
358 1411 668 1447 manducaveritis
688 1422 831 1447 carnem
851 1413 909 1446 Fi-

128 1460 172 1495 lii
196 1460 351 1494 hominis
368 1458 557 1494 vivificam
577 1458 625 1494 ad
642 1458 757 1495 vitam
777 1457 908 1504 gratiae

128 1509 166 1543 et
199 1505 343 1552 gloriae,
369 1509 401 1541 et
426 1504 498 1541 nisi
528 1506 692 1541 biberitis
718 1507 797 1551 ejus
824 1516 910 1541 san-

129 1555 276 1598 quinem
296 1552 431 1588 intima
445 1557 709 1598 aspergentem
730 1556 765 1589 et
786 1563 913 1588 emen-

131 1601 298 1644 dantem,
317 1611 387 1635 non
403 1600 584 1635 habebitis
601 1602 716 1635 vitum
736 1602 775 1635 in
795 1601 911 1641 vobiS,

130 1648 171 1684 id
192 1652 250 1683 est
275 1647 412 1693 pignus
433 1646 533 1692 vitae,
555 1647 689 1693 gratia}
709 1651 744 1682 61
766 1646 910 1692 gloriae.

129 1696 173 1731 Et
192 1694 328 1730 iterum
352 1706 360 1729 ε
384 1695 452 1737 Qui
473 1695 670 1730 manducat
685 1705 827 1730 carnem
846 1704 914 1728 me-

129 1753 202 1787 am,
223 1752 305 1787 quse
327 1742 461 1787 pIguus
480 1745 537 1777 est
556 1741 656 1785 vitae,
676 1741 853 1787 quoniam
873 1741 913 1776 in

130 1799 242 1826 carne
269 1792 325 1824 est
351 1787 470 1823 deitas
493 1800 577 1835 quae
603 1788 779 1833 viviticat,
806 1792 838 1824 et
859 1789 914 1823 bi-

132 1837 184 1873 bit
203 1847 320 1871 meum
346 1838 560 1879 sanquinem
587 1838 679 1882 potu
706 1834 912 1880 spirituali;

130 1885 197 1930 qui
216 1883 386 1928 inquam,
408 1884 606 1919 manducat
624 1887 657 1919 et
680 1883 769 1918 bibit
792 1886 831 1918 ut
849 1882 914 1918 de-

130 1933 208 1976 bet,
231 1930 373 1966 scilicet
406 1940 483 1966 non
511 1930 634 1967 solum
656 1933 914 1966 sacramenta-

131 1978 231 2023 liter,
271 1978 337 2013 sed
377 1976 491 2013 ctiam
526 1977 787 2023 spiritualiter,
811 1978 916 2012 habet

131 2027 247 2061 vitam
279 2028 465 2065 oeterncmz,
498 2025 587 2070 quia
621 2025 737 2060 habet
766 2023 916 2070 princi—

134 2073 239 2119 pium
276 2072 469 2107 vivificans
497 2073 535 2107 in
564 2075 760 2108 aeternum.
785 2073 829 2106 Et
847 2071 916 2106 ite-

132 2130 238 2156 rum:
257 2120 345 2156 Caro
359 2130 438 2155 mea
456 2130 537 2154 vere
551 2123 603 2155 est
618 2120 731 2159 cibus,
743 2118 783 2153 in
802 2129 919 2164 quan-

134 2170 214 2203 tum
244 2170 300 2202 est
333 2167 532 2213 conjuncta
558 2166 680 2203 Verbo
713 2165 794 2209 Dei,
818 2165 918 2211 quod

135 2218 192 2251 est
210 2213 315 2250 cibus
339 2224 413 2260 quo
437 2213 568 2249 vivunt
587 2213 744 2258 Angeli3
771 2216 803 2249 et
830 2224 918 2248 san-

134 2263 217 2307 quis
239 2272 338 2296 meus
365 2272 445 2296 cere
475 2264 526 2297 est
551 2264 671 2307 potus,
695 2260 783 2306 quia
817 2263 918 2296 totus

135 2319 268 2355 purus,
291 2309 383 2344 nihil
405 2309 549 2344 habens
576 2309 621 2344 de
649 2306 837 2343 contrario
857 2307 920 2343 ad—

135 2356 306 2392 mixtum.
332 2357 374 2390 Et
397 2360 522 2392 cetera
540 2354 802 2401 hujuscemodi
827 2354 920 2390 dixit

133 2406 225 2439 tunc
251 2402 316 2437 eis.
341 2402 508 2445 Qualiter
538 2407 665 2438 autem
689 2403 770 2449 ejus
804 2403 920 2437 verba

99 2455 102 2457 ’
134 2449 348 2494 intelligere
380 2450 601 2494 debeamus,
626 2451 706 2496 ipse
739 2448 920 2485 Dominus

135 2497 299 2543 exponit,
323 2496 450 2532 dicens
473 2508 481 2532 :
510 2498 580 2540 Qui
611 2497 811 2532 manducat
839 2507 920 2531 car-

137 2555 217 2580 nem
243 2555 374 2588 meam,
396 2547 437 2580 ut
468 2544 703 2589 spiritualem
730 2544 867 2587 cibum,
889 2547 921 2578 et

140 2592 233 2627 bibit
265 2602 382 2626 mcum
419 2594 646 2636 sanquinem,
668 2595 710 2628 ut
746 2590 922 2637 spiritua-

138 2638 213 2674 lem
250 2642 393 2683 potum,
416 2640 456 2674 in
490 2649 545 2674 me
581 2642 717 2684 manet,
739 2649 807 2685 per
836 2637 923 2673 ritae

144 2685 506 2730 conformationem,
532 2689 566 2722 et
592 2697 654 2730 690
684 2688 724 2721 in
758 2687 835 2727 illo,
858 2696 925 2731 per

142 2731 273 2778 gratiae
290 2732 616 2769 inhabitationem.
638 2733 810 2769 Profecto
829 2732 926 2768 fides

144 2779 183 2815 in
207 2779 319 2815 corde
345 2783 425 2824 tuo,
446 2783 500 2816 est
537 2781 710 2817 Christus
739 2780 778 2816 in
812 2779 926 2815 corde

145 2829 230 2871 tuo,
252 2826 361 2862 crede
389 2837 476 2873 ergo
508 2826 549 2863 in
580 2839 681 2873 eum,
703 2831 740 2864 et
764 2827 926 2864 mandu-

226 2889 321 2924 th
343 2889 431 2925 Jnsu
452 2890 612 2934 Omns-rx,
634 2891 756 2926 Touus
777 2890 827 2927 11.

972 278 1079 315 casti.
1101 280 1187 314 Hsec
1205 280 1299 315 fidos
1325 291 1391 325 per
1412 281 1653 319 dilectionem
1672 294 1760 330 ope-

972 337 1061 362 rans
1088 330 1143 362 est
1164 337 1258 372 epus
1282 328 1362 372 Dei,
1386 333 1426 363 ut
1446 328 1594 366 initium
1615 336 1650 366 ct
1672 333 1759 368 111115

973 374 1096 410 omnis
1133 374 1238 419 boni,
1269 375 1357 420 quia
1384 386 1450 421 per
1484 377 1596 413 tidem
1631 389 1760 416 veram

973 421 1087 457 homo
1107 420 1376 466 incorporatur
1398 424 1486 459 Deo.
1515 426 1618 461 Unde
1636 427 1764 471 Auqu-

972 471 1091 504 stinus
1114 481 1121 505 :
1147 481 1163 502 «
1188 469 1350 505 Credere
1384 469 1421 505 in
1452 482 1551 515 cum,
1579 476 1635 508 cst
1674 485 1759 510 cre-

973 516 1096 552 dendo
1116 527 1259 561 amare,
1280 517 1470 553 credendo
1489 519 1661 565 diligere,
1681 532 1759 557 cre-

973 564 1095 599 dendo
1130 564 1169 599 in
1193 574 1279 599 eum
1305 564 1374 609 irc,
1402 568 1438 601 et
1467 565 1548 610 cjus
1578 568 1760 605 membris

975 610 1222 657 incorporari.
1246 613 1331 657 Ipsa
1364 615 1421 647 est
1449 612 1545 649 fides
1574 624 1686 659 quarn
1714 616 1762 652 de

975 657 1086 694 nobis
1107 658 1222 704 exigit
1254 661 1368 703 Deus,
1391 670 1475 705 quae
1499 671 1567 706 per
1589 662 1762 699 dilectio-

975 716 1061 741 nem
1083 709 1274 751 operatur.
1301 707 1462 743 Credere
1493 719 1584 751 ergo
1617 711 1654 745 111
1678 721 1764 746 eum

977 756 1033 788 651
1064 754 1291 789 manducare
1320 755 1457 798 cibum,
1481 755 1542 801 qui
1570 761 1698 793 manet
1724 757 1763 793 in

976 800 1091 836 vitam
1116 808 1308 836 aeternam.
1333 802 1471 847 thuid
1502 813 1614 848 paras
1633 804 1766 841 dentes

978 851 1015 883 et
1036 848 1232 884 ventrem?
1253 849 1385 887 Crede.
1407 856 1441 885 61
1461 851 1697 887 manducasti
1715 864 1723 887 :
1741 866 1760 884 »

978 895 1058 930 haec
1081 896 1326 939 Auyustinus.
1360 896 1454 933 Caro
1490 897 1590 934 enim
1624 899 1764 935 Christi

978 942 1114 988 duplex
1128 947 1185 978 est
1204 954 1212 985 ;
1233 942 1452 989 spIritualis,
1476 944 1618 981 scilicet
1634 947 1764 982 Eccle-

979 989 1059 1033 sia3
1090 989 1311 1033 materialis,
1339 1002 1451 1036 quam
1484 993 1692 1039 assumpsit
1718 994 1766 1030 de

979 1038 1094 1072 Beata
1120 1038 1275 1083 Virgine
1303 1038 1432 1073 Maria.
1460 1039 1645 1076 Comestio
1673 1052 1764 1087 ergo

979 1084 1021 1118 fit
1046 1084 1191 1119 duobus
1220 1084 1339 1119 modis
1371 1096 1379 1120 ε
1412 1084 1658 1130 spiritualiter
1684 1088 1765 1124 561-

978 1130 1079 1174 11661,
1115 1131 1267 1176 quando
1297 1132 1380 1176 quiS
1407 1133 1581 1168 Ecclesiae
1605 1134 1733 1170 unitur
1755 1147 1765 1180 ;

981 1181 1017 1213 et
1037 1177 1374 1222 sacramentaliter,
1396 1180 1545 1224 quando
1566 1182 1710 1227 Corpus
1727 1185 1765 1218 et

981 1225 1141 1268 Sanguis
1162 1224 1200 1260 in
1221 1225 1330 1260 altari
1351 1227 1637 1263 sumitur.Unde
1658 1229 1767 1274 panis

980 1271 1019 1307 in
1043 1271 1153 1307 altari
1184 1276 1240 1307 est
1271 1276 1547 1309 sacramentum
1587 1276 1766 1322 Corporis

982 1318 1135 1362 Christi,
1158 1319 1259 1363 quod
1276 1322 1332 1355 est
1351 1321 1387 1355 in
1404 1321 1586 1367 Ecclesia,
1607 1327 1644 1358 et
1665 1324 1766 1369 quod

982 1365 1142 1412 sumpsit
1162 1366 1208 1401 de
1227 1366 1357 1402 Maria.

1035 1417 1057 1457 4
1078 1415 1320 1449 Mnmmnxrro
1347 1415 1676 1453 CAPHARNAITARUM
1706 1430 1772 1454 DU-

987 1473 1061 1496 REM
1097 1461 1244 1496 CHRISTI
1281 1474 1469 1497 SERMONEM
1498 1475 1771 1502 INVENIENTIUM.

988 1529 1034 1534 ——
1062 1509 1106 1543 Et
1124 1518 1207 1543 cum
1229 1509 1310 1543 haec
1331 1509 1485 1544 dixisset
1504 1510 1541 1545 in
1565 1522 1772 1558 synagoga,

988 1554 1053 1591 ubi
1081 1555 1184 1590 106115
1203 1555 1413 1591 6001111111115
1435 1560 1471 1592 61
1495 1558 1672 1603 publicus
1690 1563 1774 1595 erat

989 1601 1315 1643 (1066001,(106605
1337 1602 1373 1637 111
1391 1603 1669 1650 Capharnaum,
1686 1617 1773 1652 ‹111ae

989 1652 1071 1685 erat
1091 1650 1311 1695 metropolis
1324 1649 1486 1685 Galilaeae
1502 1663 1509 1694 ;
1523 1662 1590 1697 per
1605 1654 1775 1698 (100005-

990 1696 1158 1731 tenditur
1169 1697 1268 1741 quod
1279 1695 1449 1733 Christus
1461 1699 1583 1744 palam
1598 1700 1773 1746 docebat,

991 1743 1085 1778 sicut
1106 1743 1251 1778 habens
1268 1744 1477 1780 doctrinam
1491 1756 1636 1790 sanam,
1652 1751 1687 1783 et
1699 1759 1777 1784 non

992 1793 1206 1836 suspectam
1224 1802 1232 1834 ;
1250 1794 1287 1826 61
1307 1791 1387 1826 11166
1404 1791 1563 1828 dicendo
1578 1794 1776 1831 caritatem

992 1848 1098 1873 suam
1124 1836 1234 1873 nobis
1261 1839 1564 1875 commendasset
1593 1841 1630 1876 in
1650 1842 1775 1878 dando

993 1886 1136 1931 Corpus
1155 1888 1191 1920 et
1216 1885 1441 1931 Sanguinem
1461 1897 1567 1923 suum
1583 1900 1590 1932 ;
1607 1891 1716 1924 multi
1730 1900 1777 1925 em

994 1933 1189 1977 discipulis
1211 1933 1303 1977 ejus,
1318 1933 1355 1968 id
1377 1938 1433 1969 est
1455 1945 1497 1969 ex
1517 1935 1576 1971 his
1598 1936 1660 1981 qui
1689 1947 1777 1973 eum

993 1980 1263 2025 sequebantur,
1301 1991 1346 2015 ea
1382 1983 1576 2026 tamquam
1605 1984 1777 2019 carnales

994 2030 1149 2073 propter
1169 2027 1376 2062 caecitalem
1398 2029 1522 2064 cordis
1544 2040 1617 2065 non
1640 2030 1779 2066 11116111-

996 2077 1143 2119 gentes,
1168 2074 1234 2109 sed
1255 2074 1458 2110 carnaliter
1477 2076 1718 2122 accipicntes,
1741 2081 1779 2114 et

996 2121 1259 2163 abhorrentes,
1289 2123 1594 2167 murmurabant,
1616 2128 1651 2160 61
1679 2125 1782 2160 clioee-

995 2171 1097 2210 runt,
1112 2167 1256 2203 scilicet
1277 2173 1418 2204 secrete
1430 2170 1530 2215 apud
1547 2171 1777 2217 discipulos:

996 2217 1118 2250 Durus
1139 2218 1191 2250 est
1212 2216 1272 2250 hic
1297 2226 1427 2257 sermo,
1463 2220 1575 2262 atque
1600 2219 1780 2264 difficilis,

999 2263 1081 2307 quis
1096 2265 1218 2307 potest
1241 2273 1319 2297 eum
1340 2264 1483 2304 audire,
1511 2265 1550 2300 id
1571 2269 1627 2301 est
1646 2265 1767 2301 intelli

998 2319 1100 2354 gere,
1121 2312 1157 2344 et
1178 2308 1211 2344 ei
1233 2309 1414 2346 obedire?
1430 2312 1571 2348 Durum
1593 2313 1693 2348 enim
1709 2324 1780 2359 pu-

997 2357 1142 2399 tabant,
1165 2356 1212 2391 ad
1234 2356 1545 2403 intelligendum3
1573 2363 1609 2396 et
1631 2360 1783 2396 inaudi-

997 2403 1125 2447 bilem,
1174 2403 1222 2438 ad
1258 2404 1485 2441 faciendum.
1525 2408 1602 2442 Hoc
1640 2411 1781 2452 autem,

998 2450 1203 2486 secundum
1223 2451 1486 2497 Auqustinum‚
1509 2454 1691 2490 Dominus
1709 2454 1784 2490 dis-

999 2497 1194 2543 pensative
1217 2498 1403 2544 permisit,
1424 2503 1465 2535 ut
1503 2501 1599 2537 bene
1621 2501 1787 2538 docenti-

1000 2546 1070 2580 bus
1088 2555 1240 2581 causam
1262 2547 1453 2591 patientia:
1484 2551 1520 2583 et
1556 2548 1783 2585 consolatio-

1000 2591 1073 2635 nis,
1089 2596 1220 2628 contra
1240 2593 1491 2638 malignantes
1512 2606 1643 2632 eorum
1667 2596 1786 2631 dictas

1001 2639 1203 2685 praeberet,
1224 2651 1310 2676 cum
1330 2640 1503 2687 discipuli
1527 2643 1639 2678 eliam
1660 2641 1785 2678 verbis

1005 2685 1142 2722 Christi
1165 2688 1368 2724 detrahere
1393 2694 1638 2734 praesumant.
1663 2691 1788 2725 Sciens

1004 2737 1124 2769 autem
1139 2737 1257 2779 Jesus,
1272 2736 1335 2781 qui
1351 2740 1543 2772 scrutatur
1561 2740 1687 2780 corda,
1699 2737 1789 2781 quia

1005 2781 1048 2816 de
1075 2782 1139 2817 hoc
1168 2782 1312 2818 occulte
1339 2788 1622 2827 murmurarent,
1647 2783 1788 2828 statim,

1006 2828 1105 2865 dimit
1119 2830 1170 2866 eis
1186 2844 1194 2867 :
1209 2831 1284 2867 Hoc
1302 2840 1364 2866 vos
1383 2831 1642 2867 scandalizat?
1655 2833 1700 2867 Et
1718 2829 1775 2867 sol
1788 2852 1797 2871 ,-

1660 2895 1698 2928 13
