1894 3186
478 198 531 230 DE
571 194 853 229 POENITENTIA
892 191 1044 225 Mitlillt'
1082 191 1372 224 MAGDALENAE.
1691 196 1745 229 113

113 272 285 308 Clemens
315 272 370 305 est
400 267 594 310 Dominus,
624 265 684 311 qui
713 276 755 300 ex
779 264 892 299 corde

113 317 301 355 conversis
322 321 395 353 tam
417 315 524 351 facile
543 314 754 349 miseretur.
773 312 890 355 Unde,

113 366 143 402 si
165 365 254 411 quid
276 363 460 400 consessio
482 365 518 398 et
542 362 717 406 lacrymae
738 362 894 410 possunt

113 413 239 449 videre
259 411 328 455 vis,
351 410 434 446 vide
456 409 545 455 quid
568 408 661 443 fides
685 411 721 443 et
743 406 893 459 dilectio

113 463 301 507 operatur.
340 459 459 494 Parvo
486 455 667 502 temporis
694 458 812 507 spatio
837 464 894 500 Ju-

112 508 273 544 stificata
293 509 350 542 est
368 504 515 548 mulier,
529 507 565 540 et
582 504 628 539 ab
649 513 750 538 omni
768 511 896 547 pecca-

111 558 148 591 to
163 554 355 597 mundata,
368 564 449 598 quae
463 551 647 587 universis
659 548 756 584 vitiis
770 549 893 594 plena,
927 541 930 560 ’

112 605 148 638 et
169 605 245 637 tam
267 600 454 647 peccatrix
476 600 611 642 fuerat,
635 600 673 633 ut
694 607 775 632 eam
798 596 894 648 Pha·
929 603 930 611 ¹

111 651 243 686 risaeus
262 649 387 683 videre
404 647 685 691 dedignaretur.
708 645 811 679 Hanc
832 654 898 688 igi-
929 659 931 676 ε

111 700 173 733 tur
204 696 356 731 imitans
386 698 573 739 peccator,
608 694 762 739 peccata
797 700 894 725 nunc
930 713 932 720 ,

112 745 264 787 defleat,
285 747 324 779 ut
353 743 434 789 ejus
460 742 645 787 lacrymas
669 738 897 791 quandoque

114 793 212 828 Deus
233 792 438 833 abstergat.
468 791 574 833 Nam,
602 791 642 823 ut
670 789 721 822 ait
741 788 897 821 Bernar-

116 840 216 874 dus:
249 834 430 873 «Felices
459 836 634 882 lacryma}
668 844 761 880 quas
792 831 895 868 beni>
933 853 934 857 =

113 897 186 932 gna
214 896 348 921 manus
382 883 594 921 Conditoris
623 880 831 927 absterget!
858 881 899 913 Et

112 932 211 969 beati
247 932 341 968 oculi
365 931 442 977 qui,
478 931 516 966 in
551 930 688 966 talibus
712 926 899 973 liquefieri
933 939 934 944 ¹

114 980 263 1017 fletibus
293 981 416 1025 POUUS
445 979 652 1023 Clssgffl'fflflo
681 985 793 1022 [luam
822 975 897 1009 ‘313'
976 992 1091 1024 critiam
1120 999 1280 1023 mearum
1309 989 1593 1024 multitudinem.
1627 990 1755 1025 Miser-

120 1027 197 1064 vari
218 1027 255 1063 in
277 1026 467 1072 superbia,
485 1036 596 1071 qnam
613 1034 724 1060 omne
741 1022 900 1074 sublime

119 1075 260 1117 videre,
285 1085 396 1119 quam
425 1072 592 1108 avaritiae
614 1071 822 1117 petulantia
844 1069 899 1103 sa-

118 1121 273 1158 mularil
316 1135 333 1153 »
368 1121 471 1156 Unde
511 1124 548 1155 et
582 1120 856 1162 Chry-§ostentus
894 1126 900 1149 :

122 1170 264 1206 «Sicut
292 1172 417 1203 antem
449 1167 510 1202 ubi
545 1166 747 1202 vehemens
783 1164 903 1199 imber

120 1311 239 1355 caligo
254 1315 439 1345 reatuum.
460 1310 503 1343 Et
520 1309 616 1344 sicut
633 1318 699 1354 per
714 1318 851 1353 aquam
867 1310 903 1342 et

120 1358 299 1404 Spiritum
318 1367 534 1403 purgamur,
557 1354 610 1391 sie
631 1365 699 1401 per
718 1355 902 1400 lacrymas

120 1410 157 1442 et
175 1405 455 1442 consessionem
475 1404 608 1439 denuo
630 1402 900 1438 mundamur.»

120 1452 188 1490 Ubi
224 1452 335 1488 etiam
368 1452 562 1487 Aizselmus
596 1462 604 1486 :
642 1464 659 1483 «
685 1452 769 1486 Jam
803 1459 901 1485 nunc

120 1500 318 1547 ingredere
343 1500 496 1534 domum
519 1496 721 1543 Pharisaei,
756 1507 900 1532 recum-

121 1549 273 1585 bentem
299 1546 349 1582 ibi
377 1545 579 1581 Dominum
605 1548 710 1580 tuum
735 1543 900 1587 attende,

117 1595 265 1637 aceede,
286 1604 369 1629 cum
390 1591 661 1637 benignissima
678 1590 899 1638 peccatrice,

123 1642 169 1678 ad
199 1641 314 1687 pedes
342 1641 436 1686 ejus,
468 1640 552 1674 lava
579 1639 767 1686 lacrymis,
797 1641 901 1683 terge

121 1688 279 1735 capillis,
293 1687 462 1723 demulce
475 1686 626 1730 osculis,
640 1687 722 1722 fove
735 1696 900 1731 unguen-

121 1737 181 1772 tis.
217 1737 346 1771 Nonne
376 1735 454 1780 jam
485 1744 591 1770 sacro
618 1733 775 1780 liquoris
804 1732 901 1768 illius

119 1877 294 1923 lacrymis
327 1876 453 1911 oculos
483 1876 625 1920 attolle,
656 1876 806 1921 tuisque
840 1886 900 1911 su-

120 1924 245 1972 spiriis
280 1923 673 1969 inenarrabilibusque
702 1922 902 1969 gemitibus
937 1929 939 1940 “

120 1975 298 2017 extorque
318 1973 417 2016 quod
434 1971 531 2017 petis
547 1983 555 2015 3
574 1971 716 2006 luctare
738 1981 821 2006 cum
841 1981 900 2013 eo,

123 2019 218 2055 sicut
236 2020 366 2062 Jacob,
390 2022 429 2054 ut
449 2018 529 2064 ipse
550 2029 589 2054 se
609 2018 771 2064 gaudeat
793 2028 901 2063 supe-

123 2066 211 2103 rari.
242 2065 439 2102 Videbitur
467 2065 534 2101 tibi
567 2065 769 2111 aliquando
803 2064 903 2111 quod

123 2116 267 2150 avertat
300 2113 444 2156 oculos,
473 2113 572 2159 quod
598 2124 709 2149 aures
739 2112 902 2155 claudat,

123 2161 223 2207 quod
258 2160 493 2196 desideratos
532 2160 647 2207 pedes
684 2160 901 2197 abscondat.

123 2210 177 2245 Tu
196 2207 442 2243 nihilominus
464 2207 562 2244 insta
582 2210 806 2254 opportune,
835 2206 903 2242 im-

120 2258 355 2302 portuneque
370 2255 508 2291 clama:
524 2257 727 2301 Usquequo,
741 2257 903 2297 Domine,

119 2303 296 2344 elamabo,
317 2306 350 2337 et
371 2313 442 2338 non
466 2304 665 2339 eoeaudies?
683 2305 702 2340 J
708 2313 773 2339 esu
793 2304 902 2344 bone,

127 2493 316 2537 requiram
340 2503 347 2527 :
373 2505 389 2525 >³
414 2493 495 2528 liaec
517 2494 723 2531 Anselmus.

180 2552 218 2575 12
251 2539 445 2576 EXEMPLUM
477 2541 668 2577 MANASSES
700 2553 742 2577 ΕΤ
776 2542 903 2577 DAvm.

127 2606 173 2612 —-
192 2585 323 2621 Nullus
344 2597 432 2633 ergo
450 2591 625 2633 peccator
646 2590 756 2626 debet
771 2589 817 2625 de
837 2589 908 2623 cle-

128 2632 268 2669 mentia
301 2633 366 2669 Dei
399 2635 614 2681 desperare,
646 2636 736 2682 quia
768 2639 906 2683 praesto

127 2683 185 2716 est
210 2681 353 2716 eunctis
380 2680 506 2718 debita
525 2683 708 2729 relaxare,
730 2686 766 2720 et
788 2682 907 2730 poeni-

130 2729 252 2763 tentes
272 2728 319 2763 ad
339 2739 497 2774 regnum
516 2731 696 2767 coelorum
716 2740 906 2767 revocare.

131 2774 232 2825 Istud
245 2776 344 2811 Deus
358 2786 426 2822 per
437 2777 636 2814 Manassen
650 2789 777 2824 regem
795 2777 909 2813 Israel

130 2820 219 2857 olim
240 2823 506 2869 praefiguravit,
529 2835 641 2871 quem
661 2828 815 2873 propter
834 2835 911 2872 poe-

252 2885 344 2920 VtrA
359 2886 446 2921 JESU
463 2888 618 2929 Cmnsn,
638 2899 750 2924 Totius
766 2889 811 2922 11.

966 279 1161 315 nitentiam
1184 278 1229 313 ad
1257 279 1414 321 gratiam
1441 282 1640 317 revocavit.
1668 284 1745 319 Ma-

968 337 1095 362 nasses
1131 325 1290 361 infinitis
1333 328 1444 363 ileum
1487 330 1695 366 otl'enderat
1737 343 1744 365 z

967 373 1116 417 Isaiam,
1134 372 1197 418 qui
1216 383 1301 408 eum
1323 374 1369 409 de
1389 376 1548 419 peccatis
1570 377 1644 413 suis
1668 378 1749 413 red-

967 422 1103 467 arguit,
1126 420 1248 466 lignea
1272 431 1376 456 serra
1397 432 1462 466 per
1491 424 1652 459 medinm
1681 425 1746 461 de-

967 468 1085 505 secari
1114 468 1217 511 fecit3
1245 470 1281 504 et
1313 471 1367 503 tot
1396 470 1600 515 Prophetas
1627 472 1746 517 ipsum

967 517 1170 559 arguentes
1189 515 1401 559 trucidavit,
1419 518 1518 561 quod
1536 519 1675 563 plateas
1691 521 1747 555 Je-

968 564 1130 599 rusalem
1154 562 1336 607 sanguine
1365 564 1637 609 Prophetarum
1666 577 1751 612 pur-

968 610 1128 657 puravit.
1159 610 1325 645 Tandem
1353 611 1399 646 ab
1427 611 1598 647 hostibus
1621 618 1750 658 captus

969 662 1038 701 est,
1062 662 1097 693 et
1120 658 1157 692 in
1184 656 1356 693 exsilium
1387 658 1583 700 deductus,
1608 660 1749 696 carceri

968 707 1167 751 deputatus
1188 707 1257 747 est,
1281 703 1343 740 ubi
1366 705 1477 750 coepit
1499 706 1696 751 poenitere,
1719 711 1753 743 et

931 766 933 777 ¹
970 764 1013 788 ex
1034 753 1145 788 corde
1167 752 1310 788 scelera
1335 762 1403 788 sua
1430 753 1587 799 deflere,
1612 758 1646 789 et
1671 765 1751 790 cum

975 800 1149 845 lacrymis
1188 798 1308 834 oravit
1339 799 1553 844 Dominum,
1587 801 1715 837 dicens
1745 814 1752 836 :

973 850 1137 891 I'cceictvess,
1160 849 1321 891 Domine,
1344 857 1452 892 super
1472 859 1659 883 numerum
1681 860 1757 883 urea

974 906 1027 929 nse
1048 897 1173 938 nutris,
1199 897 1231 928 et
1250 895 1330 937 jam
1349 905 1419 929 mm
1440 905 1518 929 sum
1540 896 1674 939 di'gymcs
1700 898 1755 931 vi-

975 943 1057 976 dere
1080 943 1157 976 eceli
1178 942 1425 985 altitudinem,
1447 946 1595 987 propter
1614 945 1754 988 iniqui-

975 1039 1032 1071 tus
1048 1038 1173 1071 autem
1190 1034 1384 1077 Dominus,
1398 1036 1656 1080 poenitennain
1676 1038 1756 1083 ejus

976 1084 1201 1128 aci-eptavm
1239 1092 1325 1117 nam
1358 1082 1402 1117 de
1430 1083 1642 1127 captivitate
1670 1094 1752 1120 eum

976 1130 1162 1172 liberavit,
1185 1129 1274 1164 etin
1295 1139 1451 1173 regnum
1470 1131 1633 1165 suumin
1653 1133 1757 1166 Jeru-

304 1215 309 1220 ,
376 1215 381 1216 ⁷
537 1213 543 1219 ,
676 1212 682 1218 ,
874 1210 879 1214 .
934 1206 936 1214 .,
977 1177 1093 1212 salem
1128 1175 1327 1211 revocavit..
1358 1177 1429 1211 Per
1455 1177 1552 1211 hunc
1587 1182 1757 1222 peccator

118 1218 342 1263 prorumpit,
366 1217 407 1249 tit
423 1217 631 1255 seremtas;
655 1223 707 1247 sic
726 1213 902 1261 lacrymis
935 1221 936 1224 ¹

115 1262 245 1301 effusis
272 1266 427 1308 apparet
454 1260 717 1306 tranquillitas,
747 1262 783 1295 et
808 1260 903 1303 perit
934 1263 937 1304 ς

977 1223 1210 1269 designatur,
1250 1221 1311 1267 qui
1354 1224 1560 1268 Prophetas
1608 1224 1756 1259 Domini

976 1271 1097 1316 ipsum
1114 1273 1316 1315 arguentes
1330 1270 1485 1313 cruciat,
1503 1272 1652 1316 quando
1667 1283 1757 1317 pras-

977 1318 1163 1353 dicatores
1185 1321 1221 1353 et
1244 1317 1417 1353 doctores
1438 1318 1567 1353 audire
1594 1322 1756 1355 recusat.

977 1367 1019 1400 Et
1038 1364 1219 1410 quamdiu
1236 1364 1322 1399 talis
1342 1369 1558 1410 perseverat
1576 1365 1614 1400 in
1631 1377 1758 1411 pecca—

976 1416 1013 1447 to
1041 1412 1203 1455 mortali,
1226 1411 1369 1446 tamdiu
1400 1417 1455 1447 est
1481 1413 1518 1447 in
1544 1413 1758 1459 captivitate

978 1459 1136 1503 diaboli3
1160 1458 1190 1494 si
1212 1462 1337 1494 autem
1355 1469 1397 1494 ex
1416 1460 1528 1495 corde
1547 1460 1665 1505 eg‹=rit
1684 1471 1760 1506 poe-

977 1506 1192 1550 nitentiam,
1212 1507 1309 1541 Deus
1326 1509 1478 1551 paratus
1497 1510 1550 1542 cst
1573 1518 1657 1543 euin
1676 1519 1758 1543 sus-

977 1553 1100 1599 cipere
1116 1553 1163 1588 ad
1179 1552 1351 1598 gratiam.
1372 1555 1449 1588 Hoe
1470 1553 1566 1589 idem
1582 1555 1759 1600 praetigu-

978 1605 1099 1635 ratum
1121 1599 1189 1635 fuit
1209 1600 1246 1634 in
1267 1610 1356 1645 rege
1378 1600 1508 1645 David,
1535 1602 1596 1646 qui
1618 1602 1760 1638 adulte-

976 1647 1074 1683 rium
1104 1651 1216 1692 atque
1246 1647 1491 1683 homicidium
1510 1649 1758 1694 perpetravit3

977 1705 1136 1740 cumque
1156 1694 1383 1739 redargutus
1404 1705 1426 1730 a
1449 1696 1593 1730 Nathan
1615 1699 1761 1740 peceavi

463 1781 469 1787 ,
562 1781 568 1787 .
605 1781 610 1787 ,
645 1781 651 1787 ‚
938 1779 939 1784 ¹
977 1742 1133 1784 diceret,
1151 1741 1275 1776 statIm
1295 1742 1441 1777 Nathan
1459 1743 1675 1788 respondit:
1694 1746 1761 1779 Do-

121 1784 235 1820 odore
254 1782 516 1828 perfunderis?
534 1783 571 1818 Si
586 1782 653 1817 tibi
672 1782 796 1817 adhue
814 1791 901 1816 suos
937 1789 939 1806 2

122 1833 234 1876 negat
255 1830 384 1875 pedes,
415 1829 526 1871 insta,
557 1839 637 1872 ora,
668 1832 704 1864 et
727 1827 902 1874 gravidos
937 1861 939 1884 ᾖ

976 1791 1096 1823 mc'mcs
1120 1790 1313 1824 transtulit
1337 1792 1538 1834 peccatum,
1567 1789 1603 1824 id
1628 1793 1685 1825 est
1708 1790 1760 1826 di-

978 1835 1091 1871 misit.
1116 1836 1143 1871 Ο
1165 1846 1277 1880 quam
1300 1846 1438 1880 magna
1459 1840 1515 1871 est
1536 1836 1655 1882 pictas
1684 1838 1759 1873 Do-

978 1883 1084 1926 mini,
1106 1886 1142 1918 et
1160 1893 1272 1928 quam
1294 1882 1510 1927 ineflabilis,
1530 1883 1591 1929 qui
1616 1884 1759 1920 nullum

977 1929 1761 1976 pcenitentemdespicitcujuscumquecon-

978 1977 1151 2013 ditionis!
1181 1978 1261 2012 Non
1289 1988 1378 2024 ergo
1406 1981 1560 2024 propter
1587 1978 1759 2014 immani-

978 2028 1094 2060 tatem
1121 2027 1361 2070 peccatorum
1385 2028 1599 2060 nostrorum
1627 2026 1758 2072 despe-

978 2082 1118 2115 remus,
1141 2071 1228 2117 quia
1247 2073 1383 2107 multos
1403 2076 1440 2107 et
1460 2072 1626 2108 diversos
1646 2076 1760 2109 testes

980 2119 1114 2155 divinae
1149 2118 1418 2155 misericordiae
1445 2122 1524 2154 tum
1553 2121 1589 2154 in
1619 2122 1759 2164 Veteri,

979 2169 1058 2201 tum
1079 2166 1117 2201 in
1136 2167 1235 2201 Novo
1257 2167 1495 2202 Testamento
1513 2167 1709 2204 habemus.

1033 2216 1072 2248 15
1098 2214 1282 2248 PECCATOR
1307 2225 1438 2249 senvus
1466 2225 1540 2249 nsT.
1567 2235 1610 2240 —
1634 2217 1760 2262 Neque

980 2260 1081 2296 ultra
1112 2259 1275 2305 peccatis
1308 2261 1530 2305 serviamus,
1564 2261 1652 2307 quia
1682 2273 1761 2299 ma-

124 2351 247 2387 Redde
281 2351 373 2385 mihi
411 2352 577 2386 laetitiam
616 2352 793 2387 salutaris
827 2353 901 2387 tui.
943 2338 944 2365 l
981 2318 1092 2352 gnam
1111 2307 1527 2352 dignitatemamittum
1545 2309 1759 2346 miseriho‘

124 2396 212 2443 quia
230 2397 299 2432 tibi
319 2398 418 2432 dc'oez't
438 2408 497 2433 cor
520 2409 636 2434 meum
658 2410 666 2434 :
690 2400 905 2444 Exquisivz‘t
943 2411 944 2415 ¹

125 2448 159 2480 te
177 2446 292 2488 facies
324 2455 416 2488 mea,
440 2446 572 2488 faciem
599 2449 713 2492 tuam,
740 2448 903 2489 Domine,
943 2451 944 2454 ’

944 2498 945 2514 ³
981 2506 1041 2531 res
1067 2499 1103 2532 et
1124 2496 1381 2541 excellentias3
1406 2497 1557 2543 quidam
1580 2499 1763 2543 pertinaci

981 2353 1103 2390 mines
1145 2353 1343 2391 serviendo
1383 2355 1547 2401 peccatis
1575 2367 1583 2391 ε
1607 2357 1761 2402 quidam

981 2402 1106 2437 carnis
1138 2402 1349 2448 voluptates
1376 2406 1413 2438 et
1438 2403 1762 2449 concupiscentias

982 2448 1180 2493 seetando;
1200 2448 1353 2494 quidam
1364 2449 1565 2496 aspirando
1582 2451 1628 2487 ad
1646 2452 1763 2488 hono-

982 2543 1106 2579 studio
1129 2546 1341 2589 quaerentes
1363 2544 1492 2580 mundi
1514 2545 1706 2582 facultates
1726 2550 1762 2582 et

982 2589 1144 2626 divitias.
1163 2592 1208 2626 Et
1226 2591 1314 2637 quia
1331 2593 1438 2638 pauci
1461 2596 1545 2628 sunt
1566 2593 1677 2629 hodie
1699 2594 1762 2639 qui

982 2636 1097 2673 istum
1134 2638 1331 2674 trinarium
1363 2639 1567 2675 nefandum
1598 2651 1673 2675 non
1704 2650 1762 2676 se-

983 2688 1159 2730 quantur,
1172 2688 1272 2722 certe
1285 2685 1412 2722 miseri
1422 2687 1555 2722 merito
1566 2686 1759 2732 dicuntur;

984 2732 1056 2767 illis
1074 2732 1173 2768 enim
1190 2734 1302 2770 rebus
1319 2743 1401 2779 quae
1417 2733 1469 2769 eis
1489 2734 1668 2769 deberent
1684 2744 1762 2769 ser-

983 2778 1060 2815 vire
1073 2782 1109 2815 et
1124 2780 1295 2826 obsequi,
1312 2780 1479 2816 serviunt
1496 2783 1531 2816 et
1553 2781 1765 2826 obsequun-

984 2828 1058 2863 tur.
1074 2827 1181 2863 Tales
1195 2827 1325 2874 procul
1339 2827 1451 2864 dubio
1471 2837 1510 2864 se
1524 2827 1616 2864 viles
1637 2831 1762 2864 osten-

1599 2895 1615 2923 8
