1894 3186
334 206 388 241 DE
425 206 594 241 DUOBUS
630 207 912 242 DAEMONIACIS
949 208 973 242 A
1011 205 1201 241 LEGIONE
1240 207 1459 241 OBSESSIS.
1678 207 1716 241 17

715 423 896 470 CAPUT
930 423 1086 470 XLVII

305 580 353 609 DE
387 579 570 609 DUOBUS
605 580 907 610 DAEMONIACIS
941 581 968 609 A
1003 581 1210 611 LEGIONE
1248 580 1494 612 OBSESSIS.

370 705 536 742 Matthaei
555 715 636 751 cap.
658 706 751 751 VIII,
766 706 879 742 Marci
901 716 981 752 cap.
1003 707 1033 742 V
1050 710 1087 743 et
1105 705 1214 743 Lucae
1231 716 1311 753 cap.
1332 706 1427 742 VIII.

136 853 148 874 l
205 838 384 874 DAEMONES
443 847 572 873 COACTE
627 847 869 875 conrii-surm

84 886 279 927 Cunisruu,
305 896 407 921 cums
444 896 646 921 PRAESENTIA
684 896 869 926 ‘renouau-

83 945 164 970 Tun.
194 953 236 960 -
258 934 351 969 Cum
378 936 503 968 autem
524 934 628 968 Jesus
644 936 680 968 et
699 933 869 978 discipuli

84 982 163 1027 ejus
189 981 508 1024 transfretassent,
528 984 564 1016 et
581 990 684 1016 mare
705 981 867 1017 Galilaeae

82 1028 355 1073 transivissent,
401 1031 577 1063 venerunt
609 1029 648 1063 in
685 1030 866 1072 reqionem

83 1076 359 1115 Gerasenorum,
397 1085 476 1120 quae
510 1078 562 1110 est
601 1080 726 1112 eontra
760 1076 864 1112 Gali-

83 1124 199 1158 Ioeam.
246 1122 384 1157 Gerasa
429 1122 567 1167 quippe
611 1127 666 1157 est
706 1123 866 1168 insignis

82 1169 212 1205 civitas
235 1168 397 1211 Arabiae,
423 1169 494 1204 sita
514 1172 618 1204 trans
639 1170 863 1214 Jordanem,

78 1218 184 1264 Juxta
207 1219 373 1251 montem
398 1216 551 1257 Galaad,
579 1216 617 1250 in
644 1228 717 1263 quo
739 1218 864 1253 laban

83 1263 368 1310 comprehendit
403 1263 549 1307 Jacob;
579 1263 617 1298 in
652 1265 752 1300 tiibu
785 1266 862 1301 Ma-

81 1322 202 1355 nasse,
223 1321 300 1346 non
318 1310 430 1357 longe
451 1313 619 1357 astagno
639 1312 861 1360 Tiberiadis,

82 1370 125 1395 ex
151 1358 322 1404 opposito
350 1358 505 1394 Galilaea
537 1361 670 1403 stagno
703 1343 861 1406 interJ'a-

82 1410 204 1451 cente,
232 1416 254 1441 a
294 1415 368 1450 qua
406 1405 556 1440 civitate
597 1406 864 1443 denominatur

79 1453 184 1500 regio
206 1453 494 1488 Gerasenorum.
530 1454 591 1494 Et,
608 1464 688 1488 eum
710 1454 755 1490 de
775 1455 861 1490 navi

81 1504 171 1537 esset
213 1511 236 1535 a
264 1503 399 1535 terram
429 1510 606 1544 ememus,
631 1505 864 1538 occurrerunt

80 1549 113 1583 ei
137 1548 207 1583 duo
246 1548 419 1582 homines
451 1547 631 1583 daemonia
675 1549 861 1593 habentes,

79 1597 166 1630 saevi
182 1596 326 1630 nimis:
365 1594 454 1640 quia
487 1594 527 1629 in
562 1604 600 1630 se
637 1599 673 1630 et
699 1595 737 1630 in
770 1596 864 1631 alios

79 1642 296 1685 saeviebant,
327 1651 403 1676 non
432 1641 520 1686 quia
545 1642 770 1678 daemoniaci
794 1644 861 1678 ali-

78 1689 169 1735 quid
191 1689 345 1734 possint,
375 1689 446 1723 nisi
472 1693 654 1733 quantum
690 1690 788 1726 Deus
810 1691 863 1726 eis

79 1736 295 1782 permittit3
335 1737 390 1771 ita
423 1738 465 1770 ut
503 1746 604 1771 nemo
644 1740 767 1782 posset
796 1748 864 1782 per

77 1785 177 1819 viam
199 1783 305 1818 illam
323 1783 495 1827 transire,
517 1783 587 1818 hoc
606 1785 707 1818 enim
737 1784 861 1820 inten-

79 1831 172 1866 dunt
222 1830 417 1865 saevientes
463 1829 501 1865 in
549 1841 617 1866 nos
657 1831 860 1877 daemones,

78 1878 224 1913 scilicet
254 1877 449 1913 obstruere
489 1877 597 1913 nobis
632 1878 732 1914 viam
758 1879 858 1923 vitae,

79 1928 248 1961 eoeeuntes
290 1925 333 1960 de
370 1927 624 1970 monumentis,
663 1924 702 1960 in
727 1926 861 1971 quibus

78 1971 303 2009 habitabant
322 1976 359 2007 et
384 1971 616 2008 domicilium
653 1973 857 2009 habebant.

79 2020 166 2055 Ideo
193 2019 232 2054 in
259 2018 510 2054 monumentis
536 2019 754 2064 Gentilium,
795 2021 859 2056 uhi

79 2077 238 2112 corpora
256 2076 387 2102 eorum
409 2066 555 2111 sepulta
573 2070 695 2112 erant,
715 2067 857 2103 daemo-

79 2124 147 2150 nes
201 2114 440 2159 habitabant,
460 2117 654 2159 tamquam
693 2114 858 2150 habituri

79 2172 192 2208 super
246 2171 402 2206 corpora
454 2171 584 2197 eorum
634 2165 858 2206 potestatem

79 2212 161 2255 post
181 2208 380 2255 Judicium,
401 2218 513 2253 super
532 2218 691 2254 quorum
714 2209 860 2245 animas

77 2259 301 2303 potestatem
326 2256 404 2301 Jam
425 2255 629 2292 habebant.
652 2257 694 2291 In
728 2266 859 2292 monu-

77 2303 214 2339 mentis
248 2303 362 2339 etiam
398 2303 599 2349 aliquando
635 2304 857 2339 daemoniaci

76 2350 249 2386 habitant
271 2365 279 2387 z
303 2353 344 2386 ut
379 2360 445 2395 per
474 2350 545 2385 hoe
571 2350 760 2386 daemones
779 2354 856 2386 ter-

76 2408 201 2434 rorem
242 2397 459 2434 hominibus
484 2397 529 2432 de
567 2399 765 2434 animabus
792 2398 854 2433 de-

77 2445 292 2481 functorum
322 2444 511 2490 ingerant,
545 2447 584 2481 et
617 2446 730 2481 etiam
767 2445 856 2490 quia

77 2492 117 2527 in
135 2492 295 2527 mortuis
322 2492 512 2537 operibus,
533 2492 570 2527 id
588 2496 644 2528 est
670 2493 708 2528 in
728 2502 857 2538 pecca-

77 2539 128 2575 tis
145 2539 379 2574 delectantur
397 2543 434 2574 et
453 2539 641 2585 gaudent;
664 2540 727 2585 qui
742 2539 855 2576 etiam

77 2586 341 2622 vinciebantur
361 2585 515 2631 catenis,
542 2590 578 2622 et
599 2587 856 2633 compedibus,

79 2637 116 2669 et
148 2633 268 2679 ruptis
306 2633 464 2669 vinculis
497 2634 709 2678 agebantur
733 2634 772 2670 in
791 2634 855 2669 de-

78 2683 180 2717 serto
205 2691 227 2716 a
250 2680 496 2716 daemonibus.
521 2680 584 2716 His
606 2681 746 2717 similes
771 2685 855 2717 sunt

78 2727 167 2763 mali
187 2728 368 2773 religiosi,
391 2737 484 2773 quos
502 2726 652 2764 vincula
673 2727 855 2765 obedien-

79 2774 142 2809 tiae
186 2776 223 2810 et
248 2775 558 2811 constitutionum
601 2785 677 2811 non
704 2779 856 2821 possunt

80 2823 224 2866 tenere,
258 2821 349 2867 quin
368 2826 501 2858 exeant
522 2823 568 2858 de
587 2823 854 2868 monumentis,

159 2885 253 2919 VrrA
274 2885 362 2919 ‚lusu
386 2886 546 2925 Cuiusri,
569 2886 692 2919 Tonus
717 2886 769 2919 11.

948 839 984 875 id
1005 843 1061 874 est
1080 839 1126 875 de
1158 838 1342 883 claustris,
1363 837 1402 873 in
1423 837 1558 883 quibus
1581 839 1723 874 mundo

947 886 1085 923 mortui
1110 886 1247 921 debent
1272 896 1367 928 esse,
1391 890 1427 921 et
1450 886 1520 920 hoc
1539 885 1586 920 ad
1607 896 1721 933 nego-

946 935 996 970 tia
1018 934 1203 970 secularia
1231 933 1289 968 vel
1323 933 1481 975 inutilia,
1510 942 1575 967 scu
1609 934 1722 968 etiam

945 982 1056 1025 mala,
1094 980 1313 1016 exercenda.
1352 982 1400 1015 Et
1434 990 1509 1015 ecee
1546 980 1722 1016 virtutem

945 1030 1010 1064 Dei
1036 1029 1253 1067 sentientes,
1288 1031 1401 1071 atque
1437 1037 1479 1062 ex
1504 1037 1642 1073 magno
1678 1027 1723 1062 ti-

945 1086 1062 1116 more,
1085 1086 1160 1110 non
1184 1085 1226 1110 ex
1248 1073 1474 1115 humilitate,
1493 1077 1576 1108 ante
1596 1075 1723 1110 Jesum

942 1123 1194 1168 procidentes,
1234 1131 1318 1156 eum
1369 1121 1636 1166 adoraverunt,
1688 1126 1725 1157 et

941 1171 1201 1212 clamaverunt,
1248 1168 1389 1203 scilicet
1444 1169 1576 1211 coacti,
1628 1149 1722 1204 'xoce

942 1228 1091 1264 magna.
1113 1218 1159 1251 Ut
1179 1215 1279 1251 enim
1304 1216 1357 1251 ait
1374 1216 1573 1251 Hilarius·
1599 1228 1616 1248 «
1637 1217 1720 1251 Non

941 1269 997 1300 est
1004 1244 1218 1300 Uvoluntatis
1239 1263 1437 1303 confessio,
1472 1262 1535 1297 sed
1557 1263 1721 1298 necessi-

942 1313 1026 1347 tatis
1046 1312 1224 1355 extorsio,
1246 1311 1333 1356 quia
1355 1311 1489 1345 timent
1521 1310 1601 1356 ejus
1632 1321 1723 1355 prae-

939 1360 1138 1396 sentiam.»
1164 1359 1419 1395 clamaverunt
1431 1367 1520 1403 ergo
1536 1358 1694 1393 dieentes
1711 1370 1721 1393 ε

940 1408 1037 1450 Quid
1070 1408 1175 1443 nobis
1209 1409 1242 1441 et
1278 1406 1360 1446 tibi,
1406 1407 1490 1440 Jesu
1521 1406 1596 1440 Fili
1615 1407 1717 1440 Dei?

941 1455 1053 1497 Quasi
1082 1455 1282 1489 dicerent:
1311 1453 1406 1488 Nihil
1428 1456 1483 1487 est
1517 1462 1717 1487 commune

941 1503 1008 1537 tibi
1029 1506 1065 1537 et
1082 1502 1190 1537 nobis
1211 1512 1220 1544 3
1243 1504 1283 1535 tu
1320 1501 1429 1543 Deus,
1458 1509 1524 1534 nos
1544 1499 1684 1535 diaboli
1708 1511 1718 1543 ;

942 1553 980 1584 tu
1007 1548 1171 1589 humilis,
1195 1558 1263 1583 nos
1294 1547 1477 1592 superbi3
1513 1550 1553 1581 tu
1587 1548 1720 1583 venisti

941 1596 1100 1638 salvare,
1128 1606 1197 1630 nos
1232 1594 1402 1639 perdere.
1435 1593 1540 1629 Unde
1572 1594 1722 1637 Aposto-

942 1643 1029 1679 lus:
1055 1643 1140 1686 Quae
1159 1642 1344 1678 conventio
1367 1641 1509 1677 Christi
1527 1640 1576 1674 ad
1586 1642 1718 1687 Belial,

942 1691 977 1725 id
1006 1694 1075 1734 est,
1109 1690 1155 1725 ad
1186 1688 1376 1724 diabolum
1408 1686 1426 1724 ἶ)
1448 1687 1567 1729 Nulla,
1603 1694 1718 1734 certe,

942 1738 1030 1783 quia
1065 1737 1232 1772 Christus
1283 1736 1411 1771 omnia
1456 1735 1544 1770 facit
1578 1735 1673 1771 bene
1708 1748 1719 1782 3

941 1784 1114 1820 diabolus
1145 1784 1272 1819 omnia
1303 1783 1414 1818 male.
1443 1783 1576 1827 Supra,
1611 1784 1718 1818 dubi-

940 1836 1024 1867 tans
1062 1831 1183 1867 dixit:
1221 1832 1263 1867 Se·
1297 1831 1397 1865 Flz‘us
1430 1831 1496 1864 Dei
1530 1840 1596 1873 es3
1644 1831 1719 1873 hic,

940 1879 1108 1914 eruditus
1127 1878 1340 1922 tormentis,
1373 1877 1516 1918 asserit,
1540 1879 1624 1912 Jesu
1644 1880 1718 1914 Fili

938 1928 1030 1969 Dei3
1055 1936 1163 1971 poena
1183 1926 1283 1962 enim
1312 1925 1438 1960 oeulos
1464 1924 1596 1970 aperit,
1627 1935 1723 1970 quos

938 1974 1048 2018 culpa
1084 1974 1236 2008 claudit.
1257 1974 1337 2008 Non
1365 1977 1621 2018 cognoverunt
1640 1973 1719 2009 daee

938 2030 1071 2056 mones
1094 2031 1137 2056 ex
1162 2024 1264 2056 certa
1298 2020 1457 2055 selentia
1485 2020 1610 2055 Jesum
1639 2031 1719 2056 ess-

938 2067 1071 2104 Filium
1090 2067 1245 2107 Dei,sed
1257 2078 1299 2103 ex
1320 2067 1546 2112 conjecturis
1564 2068 1718 2112 quibus-

937 2115 1022 2151 dam
1044 2114 1308 2160 opinabantur,
1331 2125 1407 2149 non
1427 2118 1553 2150 tamen
1579 2115 1624 2150 de
1649 2115 1721 2151 hoc

938 2162 1043 2198 certi.
1085 2162 1190 2197 Unde
1231 2162 1464 2206 Auyustinus
1499 2174 1512 2198 .·
1561 2174 1578 2195 «
1613 2162 1719 2205 Quod

938 2210 1128 2245 daemones
1143 2209 1307 2245 clamant
1324 2221 1331 2245 :
1351 2209 1448 2252 Quid
1461 2209 1566 2244 nobis
1583 2213 1615 2245 et
1634 2210 1716 2251 tibi,

936 2258 1021 2292 Jesu
1045 2257 1119 2291 Fili
1138 2257 1241 2291 Dei?
1276 2258 1396 2303 magis
1432 2267 1475 2292 ex
1504 2256 1717 2302 suspicione

937 2313 1050 2350 quam
1070 2314 1113 2339 ex
1135 2303 1349 2350 cognitione
1381 2304 1514 2340 dixisse
1537 2305 1716 2340 credendi

936 2355 1037 2387 sunt:
1059 2351 1102 2387 Si
1118 2352 1213 2386 enim
1233 2353 1494 2396 cognovissent,
1515 2362 1717 2397 numquam

935 2400 1128 2434 Dominum
1149 2399 1276 2442 ,qloriae
1294 2400 1575 2445 crucifixissent.
1594 2411 1612 2433 »
1635 2398 1716 2434 Istis

937 2446 1081 2481 duobus
1118 2445 1359 2482 daemoniacis
1399 2457 1441 2482 ex
1472 2447 1608 2482 timore
1648 2447 1716 2482 Do-

935 2493 1027 2528 mini
1063 2493 1305 2530 adorantibus
1349 2497 1386 2529 et
1430 2493 1714 2538 confitentibus,

934 2540 1074 2576 similes
1094 2544 1178 2575 sunt
1199 2541 1262 2587 qui
1293 2541 1429 2577 timore
1450 2541 1633 2594 gehennae
1656 2551 1719 2587 po-

935 2586 1007 2623 tius
1037 2597 1150 2634 quam
1181 2598 1311 2624 amore
1339 2588 1494 2635 justitiae
1530 2589 1605 2624 Deo
1643 2598 1718 2623 ser-

934 2635 1040 2670 viunt
1080 2645 1089 2679 3
1129 2636 1192 2680 qui
1226 2636 1345 2682 magis
1381 2636 1523 2672 habent
1565 2635 1715 2671 oculum

933 2681 1126 2718 sinistrum
1152 2683 1199 2718 ad
1217 2684 1447 2736 gehennam,
1469 2683 1525 2719 vel
1547 2683 1595 2718 ad
1617 2692 1714 2717 com-

936 2729 1088 2765 modum
1115 2731 1388 2771 transitorium,
1422 2740 1535 2776 quam
1561 2729 1712 2765 oculum

936 2776 1106 2812 dextrum
1125 2778 1172 2813 ad
1195 2777 1328 2813 coelum
1350 2782 1386 2813 et
1405 2775 1713 2813 incommutabile

933 2823 1090 2865 bonum,
1126 2834 1204 2861 non
1226 2825 1345 2871 gratis
1382 2825 1545 2861 colentes
1578 2824 1709 2859 Deum.

1613 2891 1631 2919 2
