1894 3186
125 183 187 217 162

124 251 219 288 stolo
237 249 357 285 simile
375 247 514 283 donum
529 245 696 291 accipere
712 242 895 287 meruisti,

123 298 186 345 qni
224 296 314 333 dixit
341 307 350 331 t
378 295 546 330 Libenter
570 292 754 337 qlorz'abor
781 293 820 326 in
846 293 904 325 in·
933 317 935 325 Α

621 174 763 208 PRJMAE
799 172 952 207 PARTIS
992 172 1128 206 CAPUT
1163 171 1272 206 LXVI

1024 244 1045 276 8
1069 242 1246 277 MARTYnu
1282 249 1529 275 communitus>
1563 249 1604 274 m
1624 251 1741 277 neam

975 300 1108 324 clause.
1130 309 1173 316 ——
1193 289 1236 323 Et
1257 286 1340 323 ideo
1371 289 1552 331 martyres
1583 286 1739 324 maxime

123 344 359 391 firmitatibus
387 343 489 382 meis,
513 343 554 376 ut
581 339 761 375 inhabitet
782 340 821 374 in
846 348 902 372 me
932 328 935 374 l
974 334 1298 378 commendantur,
1319 332 1406 380 quia
1427 333 1555 379 plures
1574 333 1741 370 sustinu-

124 394 241 428 virtus
282 391 429 427 Christi.
452 389 496 424 Et
532 396 714 423 rursum:
747 385 898 428 Quando
931 377 933 422 J

123 440 218 475 enim
238 440 415 483 infirmor,
440 439 525 471 tnnc
543 433 676 470 fortior
703 435 739 469 et
770 436 897 477 potens
930 436 931 475 l

123 497 216 522 sum.
240 485 276 522 Si
301 484 453 529 frigore,
475 483 505 518 si
538 481 704 517 febribus
738 479 895 525 castiga·
929 479 931 523 ξ

124 533 190 577 ris,
210 542 353 568 memor
368 534 446 566 esto
466 529 565 575 quod
581 527 771 573 Scriptura
793 526 895 561 dicit:

127 581 377 616 Transtnimus
409 588 473 622 per
511 578 629 619 iqnem
669 577 702 609 et
740 584 894 618 aqnnm5
928 607 931 617 s

127 627 215 673 quia
244 626 434 661 residuum
473 626 542 667 est,
568 625 607 657 ut
645 620 833 656 inducaris
859 619 898 654 in

125 673 375 719 refrigerium.
400 672 527 708 Clama
555 669 669 704 etiam
694 678 777 703 cum
805 668 895 702 Pro-

125 722 240 768 pheta
263 732 271 755 :
294 723 334 756 In
371 718 605 754 tribulatione
637 715 808 749 dilatasti
828 724 894 748 nze.

128 769 321 804 Perfectus
358 765 457 801 enim
487 763 560 799 eris
594 773 661 808 per
686 760 897 807 l1uj11<modi

127 814 403 851 tribulationes.
427 811 462 847 Si
484 812 577 846 forte
594 808 734 845 amittis
754 809 895 851 oculos,

128 873 203 898 non
224 862 322 897 feras
343 859 520 905 graviter,
541 856 766 893 extollentiae
797 855 897 891 enim
930 859 931 863 ’

128 909 416 944 instrumentum
439 903 594 940 amisisti
615 915 623 947 3
653 903 718 938 sed
742 902 896 938 interio-

129 957 232 991 ribus
265 953 381 990 oculis
415 952 574 997 gloriam
613 950 677 986 Dei
714 948 899 996 speculari

127 1001 393 1038 stude.Sur·lus
422 1001 539 1034 tactus
573 1008 626 1041 es,
650 1008 724 1032 non
745 996 888 1030 contri-

130 1049 258 1091 steris;
282 1047 368 1092 quia
384 1046 553 1081 auditum
575 1054 709 1079 vanum
729 1042 899 1078 amisisti.

130 1098 261 1132 Manus
285 1098 355 1129 tua}
377 1104 420 1128 ex
440 1092 565 1137 aliqua
599 1090 773 1136 passione
795 1089 899 1124 debi-

131 1143 246 1178 litatae
284 1144 394 1182 sunt3
430 1139 494 1174 sed
527 1137 726 1173 interiores
753 1140 903 1182 paratas

131 1190 272 1226 habeas
293 1189 471 1224 adversus
498 1184 638 1220 inimici
659 1185 900 1220 tentationes.

130 1236 334 1273 Infirmitas
355 1238 471 1269 totum
493 1243 630 1278 corpus
651 1235 755 1267 tuum
773 1234 872 1266 tenet
891 1242 899 1274 3

132 1285 197 1320 sed
223 1281 389 1319 interiori
412 1279 553 1315 homini
583 1278 723 1314 sanitas
754 1277 900 1313 crescit.

130 1331 229 1368 Nihil
254 1329 353 1366 enim
377 1328 477 1363 aliud
513 1329 569 1362 est
605 1325 786 1371 {egritudo
819 1335 903 1360 cor-

132 1378 248 1425 poris,
271 1386 383 1422 quani
403 1374 543 1410 sanitas
566 1373 714 1410 mentis.
740 1372 776 1408 Si
798 1372 903 1406 infir-

133 1427 243 1461 mitas
264 1424 348 1459 talis
370 1422 433 1457 tini
467 1420 592 1465 suerit,
615 1424 655 1456 ut
677 1431 753 1454 non
782 1418 904 1465 possis

135 1476 234 1508 stare
273 1471 319 1506 ad
361 1469 542 1504 orandum
586 1470 622 1503 et
660 1467 907 1512 psallendum,
941 1496 944 1503 .

134 1530 210 1555 non
231 1515 461 1553 contristeris
484 1514 589 1558 inde;
617 1516 704 1559 quia
732 1514 813 1559 ipsa
850 1513 908 1548 in-

135 1565 296 1601 firmitas
317 1567 399 1599 orat
432 1573 500 1608 pro
521 1565 569 1597 te.
595 1561 631 1596 Si
650 1562 811 1606 Jejunas,
833 1571 909 1595 non

136 1612 202 1648 tibi
249 1610 417 1646 invenias
469 1608 718 1650 occasionem,
754 1606 911 1642 dicendo

136 1659 226 1706 quia
247 1663 422 1704 gravatus
442 1655 481 1690 in
503 1655 763 1700 {egritudinem
787 1653 912 1689 incur-

136 1705 216 1742 risti
238 1717 246 1741 t
276 1703 466 1750 quciniam,
495 1701 615 1747 etqui
637 1712 710 1736 non
725 1701 911 1746 jejunant,

137 1753 277 1788 similes
322 1749 563 1796 nzgritudines
606 1747 820 1783 incurrunt.
852 1749 908 1781 In-

137 1799 280 1836 choasti
317 1797 457 1841 aliquid
492 1794 594 1836 boni,
618 1805 693 1829 non
722 1793 910 1829 revoceris

136 1857 204 1893 per
236 1844 503 1891 impedimenta
539 1840 678 1876 inimici
701 1851 709 1875 :
732 1840 911 1886 quoniam

132 1892 280 1940 jejunia
320 1894 355 1926 et
395 1891 542 1925 labores
578 1888 686 1924 nobis
721 1886 912 1923 constituti

137 1943 235 1983 sunt,
270 1940 423 1985 propter
460 1939 589 1981 turpes
631 1934 910 1970 delectationes.

139 1989 225 2023 Haee
246 1986 373 2021 omnia
396 1983 501 2019 nobis
534 1982 731 2028 proficiunt
767 1981 814 2017 ad
850 1981 913 2016 de-

138 2034 317 2070 struenda
335 2031 502 2077 corporis
523 2029 722 2065 desideria.
740 2029 911 2074 Quapro-

136 2085 220 2128 pter
240 2080 357 2116 discat
383 2089 456 2114 non
477 2086 713 2113 murmurare
735 2075 797 2121 qui
819 2074 913 2121 pati·
944 2107 945 2110 ,

136 2132 209 2172 tur,
234 2127 263 2163 si
300 2127 450 2172 ignorat
488 2135 553 2160 cur
588 2123 749 2170 patitur3
777 2126 813 2158 et
844 2132 911 2168 per

135 2175 207 2210 hoc
223 2175 322 2220 J'uste
345 2185 384 2209 se
405 2172 479 2219 pati
502 2171 718 2214 arbitretur,
740 2170 839 2215 quod
860 2170 907 2205 ab

136 2221 200 2257 illo
223 2221 425 2267 judicatur,
447 2220 552 2265 cujus
589 2215 908 2262 numquamjudi-
942 2232 943 2246 2

138 2268 195 2304 cia
214 2268 354 2313 injusta
371 2270 467 2302 sunt.
493 2266 561 2308 Qui
583 2276 671 2310 ergo
692 2264 730 2299 in
750 2263 910 2309 flagellis

138 2318 361 2357 murmurat,
385 2311 785 2359 justitiamjudicantis
804 2321 910 2346 accu-

137 2365 213 2406 sat·,
253 2361 317 2407 qui
362 2371 450 2395 vero
482 2360 583 2405 juste
620 2357 854 2403 recognoscit
888 2368 911 2393 a

132 2409 233 2462 justo
251 2407 377 2454 judice
399 2406 475 2453 pati
507 2406 607 2452 quod
638 2406 811 2449 sustinet,
838 2404 909 2441 eti-

76 2470 86 2481 ‚
136 2466 231 2492 amS1
252 2465 403 2491 causam
439 2464 505 2499 pro
539 2463 612 2499 qua
639 2452 781 2498 patitur
800 2452 910 2497 igno-

136 2506 210 2547 ret,
246 2513 315 2549 per
355 2502 425 2536 hoc
461 2501 539 2545 J'am
574 2499 817 2546 justificatur,
842 2509 911 2545 per

137 2550 237 2596 quod
266 2548 507 2593 semetipsum
533 2550 681 2582 accusat
704 2550 740 2582 et
768 2545 832 2581 Dei
850 2546 913 2592 ju-

136 2597 277 2633 stitiam
295 2595 434 2632 laudat.
452 2593 568 2639 Igitur
583 2604 650 2639 pro
670 2592 829 2638 Christo,
846 2603 913 2638 pro

131 2644 222 2688 fide,
244 2654 312 2690 pro
339 2641 511 2685 veritate,
549 2651 617 2686 pro
642 2639 796 2686 justitia
828 2638 914 2674 viri-

132 2691 217 2727 liter
242 2701 358 2736 usque
379 2689 427 2725 ad
455 2691 615 2724 mortem
642 2690 854 2731 certemus3
876 2689 914 2722 et

133 2738 182 2774 ad
220 2736 474 2774 sufferendum
510 2745 578 2781 pro
614 2734 690 2770 Deo
723 2733 915 2779 patienter

135 2785 306 2826 adversa,
342 2793 411 2820 nos
442 2780 609 2829 quotidie
643 2790 912 2827 praeparemus.

973 386 1084 418 erunt
1109 386 1262 428 propter
1287 391 1453 417 amorem
1479 380 1543 416 Dei
1569 379 1745 416 tentatio-

973 441 1053 473 nes,
1095 432 1225 465 contra
1255 429 1457 464 humanam
1495 427 1738 463 voluntatem.

972 477 1076 512 Unde
1100 476 1264 520 Eleazar,
1284 475 1373 511 dum
1404 474 1522 520 plagis
1532 473 1735 519 perimere-

971 526 1044 568 tur,
1068 522 1249 569 ingemuit
1281 526 1318 558 et
1350 522 1438 558 dixit
1460 532 1468 556 z
1488 523 1648 559 Domine.
1671 522 1736 566 qui

972 572 1083 606 habes
1119 571 1309 607 scientiam
1346 572 1522 610 sanctam,
1551 570 1742 612 manifeste

969 620 1054 662 sets,
1085 621 1137 662 tu,
1167 619 1255 663 quia
1286 628 1366 652 eum
1395 628 1418 651 a
1455 619 1565 650 morte
1595 626 1736 661 possem

971 666 1134 711 liberari,
1158 666 1268 700 duros
1298 665 1458 709 corporis
1488 664 1646 697 sustineo
1669 663 1732 697 do-

972 714 1091 755 lorem
1126 712 1320 748 secundum
1357 712 1517 745 animam
1551 720 1632 744 vero
1657 719 1744 755 pro-

970 764 1050 804 pm·
1069 771 1221 795 amorem
1233 763 1334 794 mmm
1350 759 1499 792 libenter
1512 758 1582 792 mec
1601 758 1737 801 patior.

972 811 1011 842 ln
1033 806 1209 853 martyrio
1229 806 1329 841 enim
1363 816 1436 840 non
1467 804 1625 839 debetur
1642 813 1738 849 prae-

972 854 1088 890 minin
1109 853 1314 898 secundum
1334 853 1417 896 hoc,
1441 851 1543 897 quod
1569 851 1614 886 ab
1640 853 1740 886 exte-

972 901 1062 937 riori
1106 900 1299 946 infligitur,
1328 899 1393 935 sed
1431 898 1637 934 secundum
1661 898 1745 942 hoe,

975 948 1073 994 quod
1104 958 1170 994 pro
1212 946 1358 984 Christo
1389 945 1599 981 voluntarie
1637 944 1743 980 susti-

975 999 1085 1030 netur
1106 1006 1114 1029 :
1140 994 1228 1040 quia
1250 1004 1324 1029 non
1348 1003 1548 1035 meremur,
1574 991 1643 1027 nisi
1677 1001 1742 1036 per

975 1052 1019 1076 ea
1040 1051 1122 1085 quae
1143 1045 1228 1075 sunt
1250 1041 1288 1075 in
1312 1039 1434 1083 nobis,
1457 1044 1493 1075 et
1514 1050 1588 1074 non
1609 1049 1676 1084 per
1698 1048 1742 1074 ea

977 1098 1058 1133 quae
1080 1090 1165 1122 sunt
1189 1089 1292 1122 extra
1310 1097 1397 1129 nos;
1424 1086 1519 1120 sicut
1542 1097 1607 1120 nee
1625 1086 1749 1121 deme-

978 1145 1116 1175 remur,
1142 1133 1213 1169 nisi
1252 1143 1319 1178 per
1354 1142 1398 1167 ea
1430 1142 1513 1177 quae
1538 1136 1622 1167 sant
1651 1133 1745 1167 intra

978 1193 1058 1217 nos.
1081 1182 1224 1224 Quanto
1255 1182 1380 1215 autem
1407 1179 1500 1214 illud
1534 1179 1633 1223 quod
1662 1178 1743 1224 quis

979 1228 1136 1264 sustinet
1154 1226 1379 1271 voluntarie,
1399 1225 1589 1261 difficilius
1608 1228 1665 1261 est
1685 1236 1744 1261 vo-

979 1275 1112 1311 luntati
1159 1273 1365 1317 sustinere;
1414 1276 1516 1308 tanto
1564 1273 1748 1317 voluntas,

981 1334 1077 1369 quie,
1093 1326 1246 1368 propter
1257 1320 1460 1364 Christum,
1473 1319 1562 1354 illud
1579 1320 1751 1363 sustinet,

981 1369 1191 1406 ostenditur
1231 1368 1375 1404 firmius
1411 1367 1448 1402 in
1486 1367 1631 1403 Christo
1676 1367 1749 1402 fixa

982 1429 1063 1453 esse
1079 1429 1086 1459 ;
1104 1422 1138 1451 et
1156 1416 1238 1451 ideo
1253 1414 1493 1451 excellentius
1509 1414 1539 1449 ei
1555 1413 1749 1459 przemium

983 1466 1154 1500 debetur.
1188 1463 1242 1498 Ad
1274 1461 1479 1497 esticaciam
1507 1461 1642 1506 qqupe
1678 1471 1752 1496 me-

984 1510 1091 1547 rendi
1110 1509 1181 1545 tria
1199 1510 1335 1545 valent.
1357 1530 1402 1534 -
1421 1508 1585 1543 Primum
1606 1511 1661 1543 est
1680 1508 1751 1543 dif-

986 1559 1131 1593 ficultas
1151 1557 1289 1603 operis,
1312 1556 1411 1601 quod
1438 1560 1537 1600 patet
1556 1555 1593 1589 in
1614 1558 1753 1600 marty-

986 1606 1042 1640 rio
1064 1616 1071 1639 z
1098 1604 1198 1648 quia,
1227 1608 1267 1639 ut
1296 1604 1347 1638 ait
1374 1603 1580 1645 GresJorius,
1604 1601 1756 1648 majoris

989 1651 1111 1687 meriti
1127 1655 1182 1686 est
1198 1651 1355 1686 adversa
1375 1649 1560 1694 patienter
1580 1649 1754 1692 tolerare,

987 1710 1100 1744 quam
1142 1697 1252 1733 bonis
1289 1697 1466 1743 operibus
1498 1696 1686 1731 insudare.
1710 1717 1755 1721 —-

989 1745 1200 1781 Secundum
1230 1747 1286 1780 est
1307 1743 1559 1790 promptitudo
1591 1743 1763 1779 volunta.-

989 1793 1034 1827 tis
1057 1805 1066 1828 2
1093 1792 1194 1837 quia,
1213 1792 1417 1827 secundum
1438 1790 1668 1836 Apostolum,
1690 1792 1755 1825 Ht-

989 1841 1100 1874 Iurem
1137 1839 1299 1873 datorem
1322 1840 1448 1882 diligit
1480 1840 1594 1880 Ite1133
1623 1841 1671 1881 et,
1700 1847 1758 1873 se-

988 1886 1154 1921 cundum
1183 1885 1442 1927 Aumasttmwz,
1468 1895 1578 1919 nemo
1612 1883 1749 1919 invitus

986 1931 1188 1975 benefacit,
1221 1931 1368 1967 etiamsi
1399 1932 1538 1966 bonum
1573 1930 1619 1965 sit
1655 1931 1756 1976 quod

986 1980 1086 2015 sarit.
1111 2000 1155 2005 —
1179 1978 1347 2014 Tertium
1373 1981 1428 2013 est
1458 1977 1674 2022 magnitudo
1696 1988 1756 2015 ca-

986 2026 1109 2062 ritatis
1131 2037 1140 2061 2
1162 2025 1249 2071 quia
1268 2025 1349 2071 ipsa
1375 2024 1511 2060 caritas
1533 2024 1678 2069 pondus
1700 2027 1756 2060 est

987 2073 1210 2117 sanctuarii,
1249 2072 1453 2108 secundum
1499 2071 1600 2116 quod
1634 2071 1760 2107 omnia

986 2132 1067 2167 quae
1082 2120 1118 2156 in
1139 2120 1275 2165 templo
1287 2123 1407 2163 erant,
1422 2119 1749 2164 ponderabantur3

984 2173 1021 2204 et
1053 2167 1138 2203 ideo
1178 2177 1271 2213 opus
1303 2169 1448 2202 tantum
1485 2165 1523 2199 in
1553 2168 1754 2210 conspectu

982 2214 1124 2251 Jndicis
1153 2213 1543 2260 ponderat,quantum
1577 2215 1612 2246 et
1638 2222 1744 2247 amor

984 2262 1085 2298 unde
1119 2259 1301 2307 procedit,
1333 2260 1454 2305 Opera
1495 2262 1619 2294 autem
1656 2259 1755 2297 hona

984 2307 1176 2344 meritoria
1206 2310 1292 2342 sunt
1319 2306 1448 2351 trium,
1479 2305 1619 2341 scilicet
1642 2316 1650 2340 :
1671 2305 1756 2341 vitae

984 2360 1149 2400 aeternae,
1175 2354 1365 2399 augmenti
1392 2352 1536 2400 gratiae,
1555 2352 1747 2388 remissio-

983 2402 1042 2439 nis
1059 2412 1193 2449 poenae.
1219 2400 1400 2445 Primum,
1425 2400 1565 2436 scilicet
1586 2401 1756 2435 substan·

984 2449 1073 2486 tiale
1095 2448 1291 2495 praemium
1304 2448 1390 2483 vitae
1410 2451 1574 2491 aeternae,
1595 2457 1751 2492 respon-

986 2497 1048 2533 det
1083 2495 1197 2532 radici
1233 2494 1372 2541 operis,
1411 2494 1552 2530 scilicet
1593 2493 1752 2529 caritati.

987 2543 1188 2580 Praemium
1219 2553 1307 2578 vero
1331 2541 1581 2586 accidentale,
1613 2539 1753 2576 scilicet

986 2593 1227 2636 augmentum
1243 2588 1387 2636 gratiae,
1402 2588 1606 2635 respondet
1625 2586 1755 2633 generi

987 2637 1111 2684 operis
1135 2651 1143 2673 ε
1167 2636 1254 2683 quia
1280 2636 1458 2682 operibus
1483 2634 1748 2671 excellentibus

986 2689 1025 2721 et
1054 2684 1230 2731 operibus
1265 2681 1606 2730 supererogationis
1633 2691 1752 2717 mere-

987 2742 1071 2768 mur
1086 2730 1205 2778 magis
1223 2733 1466 2776 augmentum
1481 2728 1624 2776 gratiae,
1640 2737 1752 2774 quam

987 2778 1162 2826 operibus
1197 2777 1294 2815 aliis.
1317 2775 1500 2814 Remissio
1526 2779 1653 2813 autem
1672 2783 1755 2822 poe-
