1894 3186
467 148 520 183 DE
557 146 794 181 PATIENTIA
832 146 876 179 IN
913 145 1134 181 ADVERSIS
1173 149 1393 187 IIABENDA.
1709 157 1749 191 45

113 223 179 260 sed
193 222 252 259 isti
270 224 394 257 tantos
414 222 497 265 post
515 218 681 253 auditam
693 216 892 252 veritatem

112 270 360 316 repellebant,
383 271 420 303 et
441 277 512 302 non
539 269 593 300 cst
613 262 893 316 dubium-quod

111 318 262 365 gravius
281 319 473 362 peccatum
504 316 558 348 est
590 322 727 358 negare
754 316 893 345 victum

111 364 384 401 seminantibus
415 360 635 406 spiritualia,
668 358 803 410 quibus
837 362 892 409 te-

109 415 250 448 nentur
271 411 441 446 homines
461 408 506 443 de
523 408 609 453 jure
633 406 812 451 naturali,
836 405 892 440 dl·-

108 460 195 495 vino
222 462 258 494 et
282 459 459 499 humano,
484 465 595 500 quarn
634 463 787 488 manum
818 462 895 487 non

109 505 303 552 porrigere
340 514 458 550 egeno
488 500 663 547 simplici,
685 499 893 546 spiritualia

110 563 186 589 non
206 552 436 588 seminanti:
467 550 532 586 Cui
562 549 700 584 etenim
740 550 894 583 multum

110 600 240 635 datum
277 603 343 639 est,
381 598 536 633 multum
570 599 752 641 quaeretur
771 597 816 631 ab
839 605 891 630 eo,

110 647 214 684 Unde
237 647 288 682 ait
314 646 412 681 Beda
434 657 444 680 .-
466 657 484 677 «
507 643 723 687 Sodomitae,
745 644 812 678 etsi
836 645 892 678 in-

110 693 316 739 hospitales
335 693 487 735 suerint,
509 690 608 726 inter
625 694 750 726 cetera
770 690 894 726 carnis

112 741 325 786 animaeque
345 739 500 785 flagitia,
524 739 616 773 nulli
635 742 761 774 tamen
794 738 893 784 apud

112 799 177 824 eos
200 788 293 824 tales
319 788 483 832 hospites
506 786 633 831 quales
652 786 817 831 Apostoli
840 797 895 822 re-

111 835 208 881 perti
235 839 334 870 sunt.
360 836 403 869 Et
433 834 529 870 Loth
552 834 718 879 quidem,
740 839 893 879 aspectu

112 886 150 919 et
168 883 298 918 auditu
314 883 437 928 justus
457 885 537 917 erat
556 893 566 925 3
591 892 667 916 non
688 885 816 916 tamen
844 881 894 917 ibi

111 929 253 975 aliquid
293 929 460 965 docuisse
499 932 563 964 aut
611 929 718 974 signa
764 929 893 964 secisse

112 977 345 1022 perhibetur.
387 990 404 1010 »
432 977 536 1012 Unde
567 978 603 1012 et
625 977 811 1019 Remmius
840 988 850 1010 :
878 991 890 1008 «

113 1024 333 1070 Specialiter
350 1027 477 1059 tamen
500 1024 748 1059 Sodomorum
770 1030 805 1058 et
826 1023 892 1058 Go-

110 1072 387 1107 morrhaeorum
409 1072 638 1107 mentionem
656 1072 756 1116 facit,
777 1075 895 1116 utper

111 1118 184 1154 hoc
225 1120 470 1163 demonstret,
518 1119 606 1163 quia
640 1119 702 1154 illa
741 1123 894 1163 peccata

111 1169 199 1201 sunt
223 1166 299 1201 Deo
335 1166 450 1211 magis
482 1165 650 1209 odibilia,
679 1176 763 1211 quse
799 1166 894 1203 fiunt

113 1216 244 1248 contra
282 1216 471 1257 naturam,
502 1224 569 1257 pro
593 1213 728 1258 quibus
751 1215 895 1250 deletus

113 1263 169 1295 est
188 1260 349 1295 mundus
377 1260 483 1305 aquis
513 1261 640 1296 diluvii
663 1267 698 1298 et
732 1266 893 1308 quatuor

114 1307 283 1343 civitates
316 1308 532 1352 submersae,
554 1312 590 1342 et
624 1311 782 1345 mundus
803 1321 895 1356 quo-

113 1353 205 1390 tidie
231 1354 387 1389 diversis
408 1355 513 1390 malis
526 1355 717 1402 affligitur.
736 1370 754 1392 ›)
779 1359 896 1403 Unde,

113 1401 319 1437 secundum
337 1404 606 1447 Hieronymum,
630 1405 758 1441 videns
775 1406 899 1441 Domi—

115 1458 185 1484 nus
217 1449 289 1484 hoe
323 1455 519 1494 peccatum
560 1451 598 1486 in
638 1462 765 1497 carne,
802 1464 897 1498 pene

115 1495 225 1531 desiit
246 1496 450 1541 incarnari,
475 1498 566 1542 quia
585 1503 757 1535 naturam
782 1512 895 1546 quam

115 1547 373 1587 assumpturus
394 1549 487 1588 erat,
508 1551 768 1590 corruperant.
793 1551 900 1584 Sum-

115 1599 176 1625 ma
216 1590 315 1624 enini
355 1592 539 1627 munditia
563 1593 675 1628 talem
713 1604 897 1631 summam

116 1636 391 1673 immunditiam
412 1638 573 1674 maxime
597 1640 836 1678 abominatur
862 1649 899 1680 et

113 1684 299 1720 sustinere
326 1695 401 1720 non
423 1689 554 1730 potest.
586 1687 688 1723 Unde
710 1690 824 1726 etiam
846 1691 899 1728 di-

970 217 1019 252 cit
1040 216 1272 261 ,tuqustznus
1294 234 1304 256 .·
1340 234 1356 255 «
1378 222 1444 264 Qui
1465 227 1591 262 autem
1607 225 1745 264 facien-

970 265 1017 299 (lo
1039 266 1137 310 quod
1160 269 1297 303 malum
1320 273 1387 309 est,
1410 272 1522 308 etium
1550 274 1647 310 mala
1664 285 1749 311 con-

970 312 1169 348 suetudine
1195 324 1234 348 se
1271 315 1474 361 inip.icunt‚
1500 323 1539 354 ut
1560 321 1638 365 ipsa
1657 332 1750 358 con-

970 360 1127 394 suetudo
1167 361 1253 396 mali
1295 373 1368 397 non
1403 376 1466 399 eos
1497 368 1595 402 sinat
1625 368 1750 406 videre

970 406 1058 450 quia
1092 407 1231 443 malum
1272 414 1340 453 est,
1391 411 1483 447 [lunt
1536 415 1750 453 defensores

971 455 1158 490 malorum
1180 454 1363 492 factorum
1380 469 1532 496 suorum
1551 472 1558 503 ;
1581 462 1746 500 Irascun-

970 507 1031 538 tur
1064 513 1147 537 cum
1180 505 1517 551 reprehenduntur,
1546 508 1750 548 intantum

972 554 1010 586 ut
1032 550 1234 586 Sodomitae
1257 553 1444 596 quondam
1468 556 1636 592 dicerent
1658 559 1747 594 Loth

970 598 1261 643 reprehendenti
1290 599 1558 645 nequis-simam
1577 605 1749 641 volunta-

971 650 1046 681 tem
1086 657 1094 681 :
1138 647 1312 682 Habitare
1352 649 1497 692 venisti,
1541 661 1616 686 non
1655 652 1755 698 leges

970 695 1072 729 dare.
1097 694 1215 730 Tanta
1236 696 1335 729 enim
1358 696 1406 729 ibi
1432 696 1602 734 nut'andae
1626 701 1748 745 turpi-

971 742 1109 777 tudinis
1147 744 1376 778 consuetudo
1410 749 1502 789 erat,
1526 750 1564 780 ut
1581 747 1660 792 Jam
1682 758 1750 784 ne-

970 788 1088 834 quitia
1129 795 1226 825 esset
1262 789 1419 836 justitia,
1461 797 1497 827 et
1539 795 1750 839 prohibitor

971 837 1573 885 potiusreprehe1111e1¹etur,qtiam
1586 841 1749 878 factorz»

971 885 1050 919 llaec
1074 886 1330 928 Auyusttmas.
1356 887 1472 928 Quam
1496 889 1659 933 <graviter
1677 899 1746 925 au-

970 934 1045 966 tem
1084 933 1153 968 hoc
1203 938 1393 977 peccatum
1436 935 1530 971 Deus
1572 937 1750 983 punierit,

970 981 1128 1015 testatur
1150 990 1253 1015 mare
1276 986 1472 1019 mortuum,
1494 984 1571 1019 sive
1587 983 1750 1020 diaboli:

970 1029 1007 1060 et
1033 1037 1120 1063 vere
1143 1032 1344 1072 mortuum,
1369 1030 1457 1073 quia
1479 1030 1528 1065 nil
1550 1032 1672 1067 vivum
1694 1043 1751 1068 re-

971 1075 1080 1119 cipit3
1108 1079 1144 1110 et
1177 1076 1329 1116 diaboli,
1354 1078 1440 1121 quia
1462 1078 1639 1114 instinctu
1671 1081 1750 1125 ejus

970 1126 1132 1168 quatuor
1186 1123 1352 1158 civitates
1408 1125 1491 1169 igne
1551 1127 1753 1171 sulphureo

971 1173 1220 1206 concrematae
1244 1171 1278 1205 in
1302 1171 1390 1206 illud
1419 1173 1621 1209 submersas
1648 1177 1746 1209 sunt.

972 1219 1075 1253 Unde
1098 1228 1200 1253 mare
1229 1219 1467 1254 maledictum
1488 1220 1600 1255 etiam
1624 1221 1753 1266 appel-

971 1266 1082 1308 latur,
1105 1276 1252 1309 semper
1273 1266 1431 1310 sumans,
1454 1272 1490 1302 et
1515 1268 1753 1304 tenebrosum

972 1313 1017 1347 de
1041 1314 1251 1357 vaporibus,
1286 1315 1388 1358 quasi
1420 1315 1466 1349 sit
1492 1314 1626 1350 inferni
1647 1315 1758 1351 cami-

973 1370 1051 1394 nus.
1080 1361 1142 1395 Est
1165 1361 1261 1395 ultra
1280 1362 1427 1396 Jericlio
1461 1372 1532 1397 non
1551 1362 1659 1407 longe
1688 1373 1754 1408 po-

971 1408 1097 1451 situm,
1115 1408 1320 1453 dividitque
1342 1409 1509 1444 Judaeam
1521 1410 1755 1455 etArabiam‚

972 1460 1009 1491 et
1028 1456 1141 1491 babet
1166 1455 1203 1490 in
1226 1457 1423 1491 latitudine
1443 1461 1586 1501 septem
1612 1457 1751 1494 leucas.

974 1505 1016 1539 Et
1047 1504 1134 1538 licet
1181 1504 1345 1549 quinque
1404 1503 1572 1538 civitates
1610 1504 1750 1540 fuerint

973 1552 1173 1586 destructae
1199 1556 1349 1595 propter
1370 1550 1440 1584 boc
1464 1554 1670 1595 peceatum,
1694 1556 1749 1587 ta-

974 1608 1059 1633 men
1100 1598 1183 1633 duae
1210 1597 1450 1632 nominantur
1470 1600 1631 1642 tuntum,
1664 1599 1750 1644 quia

976 1646 1133 1689 majores
1146 1648 1182 1679 et
1201 1644 1418 1679 famosiores
1440 1649 1547 1679 erant
1561 1645 1599 1680 in
1623 1646 1750 1681 multi-

973 1694 1103 1729 tudine
1125 1692 1250 1738 populi
1270 1696 1306 1727 et
1330 1692 1560 1737 turpitudine
1578 1692 1734 1737 peccati.

847 1798 1018 1836 ORATIO

143 1871 321 1924 'Domine
341 1873 426 1908 Jesu
451 1872 609 1928 Christe,
630 1876 694 1922 qui
722 1877 922 1925 discipulos
946 1885 1028 1916 tuos
1054 1880 1102 1916 ad
1128 1879 1409 1926 praedicandum
1437 1881 1601 1926 mittens,
1620 1881 1754 1918 dedisti

119 1929 172 1954 eis
197 1923 419 1972 potestatem
448 1923 618 1974 curandi,
648 1935 691 1959 ac
721 1932 908 1972 praecepta
935 1929 1084 1963 vivendi
1120 1932 1156 1963 et
1184 1929 1455 1971 conversandi,
1488 1928 1608 1975 dirige
1645 1930 1756 1974 pedes

119 1976 223 2018 meos
243 1976 281 2001 in
307 1977 405 2019 viam
428 1977 543 2021 pacis,
564 1973 600 2004 et
620 1970 667 2006 da
693 1973 784 2007 mihi
803 1975 961 2010 salutem
983 1975 1117 2010 mentis
1138 1978 1174 2010 et
1198 1976 1387 2018 corporis3
1416 1979 1452 2009 ct
1475 1980 1513 2010 ut
1533 1976 1692 2012 habeam
1717 1977 1755 2012 in

120 2012 295 2059 operibus
318 2018 572 2068 Just1tiam,in
604 2017 769 2054 moribus
801 2021 1051 2066 disciplinam,
1073 2027 1109 2058 et
1130 2023 1166 2057 in
1194 2022 1367 2057 omnibus
1390 2027 1496 2058 tuum
1520 2024 1694 2059 timorem
1719 2027 1755 2059 et

119 2070 301 2104 amorem,
322 2061 507 2098 mortifica
528 2074 652 2117 1n·m·e
679 2066 805 2102 omnia
832 2068 934 2112 vitia,
960 2079 1091 2114 meque
1116 2069 1188 2104 tuis
1219 2070 1326 2104 donis
1353 2070 1507 2105 interius
1534 2074 1570 2106 et
1596 2070 1756 2106 exterius

121 2109 304 2160 restaura,
320 2112 359 2160 ut
380 2118 423 2143 ea
443 2119 527 2154 quae
543 2111 731 2156 discipulis
749 2115 822 2149 tuis
837 2117 1062 2160 praecepisti,
1078 2127 1143 2161 pro
1161 2116 1311 2151 modulo
1334 2127 1415 2151 meo
1437 2128 1582 2154 merear
1599 2117 1754 2163 imitari,

121 2156 158 2189 et
177 2164 261 2190 cum
281 2165 369 2201 lpSlS
391 2160 533 2193 aeterna
554 2158 689 2205 gloria,
710 2160 754 2196 de
774 2164 839 2197 tua
860 2163 1132 2207 misericordia,
1152 2163 1356 2200 munerari.
1379 2164 1515 2200 Amen.

794 2337 976 2385 CAPUT
1010 2340 1084 2386 Lu
1117 2397 1128 2407 ‚

546 2461 596 2490 DE
623 2463 838 2493 PATIENTIA
854 2465 894 2494 IN
917 2465 1105 2496 ADVERSIS
1126 2468 1328 2499 HABENDA.

784 2570 950 2607 Matthaei
966 2581 1048 2618 cap.
1066 2573 1110 2609 Χ.

183 2694 197 2717 1
216 2681 412 2718 PATIENTIA
429 2693 907 2733 PRAEDICATORINECESSARIA,
938 2689 945 2734 Ι
978 2708 1024 2716 -
1043 2690 1087 2725 Et
1107 2691 1194 2737 quia
1213 2703 1363 2730 omnem
1383 2695 1670 2732 sollicitudinem
1693 2696 1748 2732 di-

138 2737 198 2768 Qm
221 2739 334 2765 VELUT
359 2741 439 2766 ows
465 2742 570 2768 INTER
593 2743 704 2769 LUPos
727 2745 907 2772 mmmm.
939 2737 945 2782 Ι
979 2737 1208 2782 scipulorum
1235 2741 1385 2788 abiecit,
1414 2747 1450 2778 et
1475 2754 1537 2779 eos
1564 2743 1754 2789 signorum
