1894 3186
91 191 130 224 62
602 183 745 217 PRIMAE
782 183 940 218 PARTIS
978 182 1114 217 CAPUT
1151 181 1224 216 LIV

94 258 199 296 fundi
220 256 367 298 habe03
391 256 433 290 ut
469 251 680 299 baptizatus
706 252 745 287 in
778 262 865 288 san-

93 306 206 353 guine
238 314 320 339 meo
347 301 442 338 alios
474 300 658 345 baptizem
686 299 723 334 in
745 310 803 343 eo,
826 302 867 335 ut

93 364 159 390 eos
183 362 303 396 magis
326 349 362 385 in
384 358 507 384 meum
539 348 742 383 accendam
763 357 866 382 amo-

93 410 187 437 rem.
217 397 312 435 Nihil
336 396 434 433 enim
454 398 508 431 est
527 395 625 440 quod
648 393 699 429 ita
719 393 866 438 excitet,

92 450 130 484 et
147 446 326 483 accendat
348 454 415 479 nos
429 443 475 478 ad
491 442 721 487 diligendum
736 443 866 485 Deum,

93 493 188 531 sieut
214 492 313 538 quod
341 501 473 537 passus
499 493 554 525 est
591 500 657 535 pro
688 487 809 529 nobis,
831 491 868 523 et

92 541 130 578 in
155 539 340 585 sanguine
361 549 426 573 suo
448 536 536 573 lavit
567 547 633 571 nos
654 547 676 571 a
705 534 867 581 peccatis

94 587 247 625 nostris.
278 587 324 622 Ut
356 589 481 621 autem
505 583 594 619 dicit
617 584 830 617 Ambrosius
856 592 865 617 :

95 650 112 667 «
133 637 253 671 Tanta
282 637 338 669 est
369 631 513 667 Domini
536 629 716 675 dignatio,
742 633 781 664 ut
807 628 864 663 in-

92 682 295 718 fundendae
317 679 425 715 nobis
453 677 676 720 devotionis,
709 679 746 711 et
773 686 865 711 eon-

90 728 322 766 summandae
350 724 588 772 ρει-1001101113
620 723 658 758 in
687 722 807 765 nobis,
829 725 866 758 et

92 775 327 812 maturandae
347 784 412 819 pro
442 771 546 807 nobis
578 769 766 806 Passionis
787 772 865 804 stu·

92 823 195 860 diurn
219 822 287 858 sihi
312 823 433 856 inesse
453 821 621 854 testetur.
648 831 662 850 n
687 817 789 852 Unde
811 827 867 852 se-

91 870 217 917 quitur
239 871 307 904 :Ec
328 867 502 912 quomodo
521 868 694 905 coarctor,
717 863 774 899 vel
797 873 865 898 an·

91 927 172 964 gor,
191 920 228 952 et
247 914 461 956 contristor,
485 923 597 957 usque
617 912 701 945 dum
718 912 863 955 perfici-

93 967 190 1003 atur,
204 974 269 1009 per
288 961 516 999 Passionem,
529 970 632 993 mens
643 957 863 1004 baptismus,

92 1014 129 1048 et
156 1010 349 1045 hominum
369 1007 483 1049 salus,
511 1006 547 1041 id
569 1009 624 1041 est
645 1009 783 1051 quanto
803 1004 865 1040 de-

95 1057 234 1094 siderio
271 1056 405 1091 affecto
428 1053 638 1089 orationem
668 1062 789 1087 meam
832 1054 868 1087 et

93 1104 312 1141 Passionem
331 1113 396 1147 pro
414 1102 532 1136 salute
545 1099 694 1145 generIS
711 1098 865 1134 humani

92 1149 364 1188 consummari!
383 1148 491 1191 Quasi
508 1147 649 1182 diceret
668 1158 675 1182 z
694 1146 862 1181 Multum.

92 1199 163 1234 Per
198 1200 267 1233 hoc
301 1207 388 1242 ergo
428 1194 647 1239 intelligitur
692 1202 866 1239 magnum

91 1245 321 1282 desiderium
351 1244 430 1288 ejus
457 1240 674 1287 perficiendi
698 1244 866 1275 nostram

91 1293 264 1333 salutem,
288 1302 353 1336 per
380 1300 485 1325 suam
507 1288 736 1323 Passionem.
761 1286 867 1322 Unde
900 1314 902 1330 2

91 1339 180 1376 alibi
201 1352 210 1374 ε
228 1338 411 1374 Desiderio
432 1336 637 1371 desideravi
654 1336 716 1369 hoe
729 1335 868 1369 Paseha

91 1387 311 1422 mandueare
334 1385 530 1425 ‘robe'sewm
555 1385 594 1417 ut
628 1381 716 1416 mihi
747 1381 869 1416 unire-

92 1433 183 1470 mini
226 1443 292 1478 per
332 1430 582 1466 dilectionem.
627 1429 729 1463 Unde
768 1428 867 1463 idem
901 1450 902 1466 2

369 1492 385 1509 «
409 1478 496 1513 Cnm
520 1476 620 1511 enim
646 1475 682 1510 in
716 1485 754 1510 se
776 1474 867 1509 nihil
901 1471 903 1499 3

94 1481 309 1516 Ambrosias
333 1491 343 1513 ε

93 1527 224 1564 habuit
260 1525 357 1571 quod
390 1524 547 1566 doleret,
572 1522 708 1557 nostris
742 1524 869 1556 tamen

93 1575 302 1620 angebatur
317 1571 507 1613 aerumnis,
527 1574 562 1605 et
584 1574 751 1614 tempore
771 1578 868 1603 mor·
901 1581 903 1588 s

92 1621 140 1658 tis
154 1619 368 1656 moestitiam
383 1617 651 1663 przetendebat,
667 1625 779 1661 quam
792 1625 868 1650 non

93 1679 135 1705 ex
156 1672 256 1703 metu
277 1666 406 1701 mortis
423 1676 513 1708 suae,
533 1663 598 1699 sed
615 1674 656 1698 ex
680 1673 784 1697 mora
804 1672 869 1697 no-

93 1718 180 1752 strae
201 1712 470 1759 redemptionis
490 1714 743 1756 assumpserat
763 1720 771 1744 ε
790 1709 870 1744 haec

93 1763 320 1799 Ambrosius.
344 1774 361 1791 »

142 1822 160 1845 2
184 1810 344 1844 Dominus
366 1816 520 1841 emmim
542 1816 612 1839 NON
640 1815 765 1847 PACEM,
791 1814 869 1838 mr·-

95 1867 184 1892 TERE
202 1866 320 1889 VENlT.
351 1874 387 1878 —-
419 1854 461 1888 Ut
488 1856 614 1886 autem
637 1850 727 1885 dicit
752 1851 865 1890 Beda,

94 1902 282 1949 quomodo
305 1904 387 1946 post
410 1898 598 1944 Baptisma
619 1908 695 1933 suae
724 1896 870 1932 Passio-

93 1949 165 1994 nis,
190 1952 274 1995 post
295 1947 390 1993 ignis
415 1945 620 1992 spiritualis
647 1945 866 1987 adventum,

95 2000 194 2032 terra
219 1996 265 2030 sit
291 2005 434 2037 arsura,
466 1993 644 2035 declarat,
669 1992 834 2026 subdens
857 2002 865 2026 ε
902 2011 904 2034 ᾗ

902 2039 904 2065 ²
945 2037 1122 2084 pietatem
1140 2047 1216 2071 sua}
1232 2035 1356 2077 saluti,
1378 2034 1512 2069 divinae
1534 2034 1726 2079 religioni,

93 2045 213 2082 Nolite
233 2043 422 2079 arbitrari.
442 2040 478 2075 id
495 2043 551 2075 est
570 2040 683 2074 nolite
702 2039 793 2073 l'also
808 2039 869 2083 ju-

94 2090 190 2127 dicio
223 2088 377 2125 rationis
406 2086 566 2133 opinari,
596 2088 684 2131 quia
713 2087 870 2120 venerim
903 2106 904 2109 =

94 2139 249 2179 mittere,
272 2136 309 2170 id
336 2139 389 2170 est
417 2144 632 2180 procurare,
656 2133 712 2168 vel
734 2132 870 2168 confir·

94 2195 212 2227 mare,
228 2194 351 2229 privem
365 2185 403 2217 in
419 2186 563 2221 terram,
580 2180 616 2215 id
643 2183 697 2215 est
719 2190 871 2215 concor-

96 2231 196 2267 diam
217 2241 340 2276 pravee
360 2227 608 2275 colligationis
628 2238 691 2262 seu
712 2226 872 2262 carnalis

94 2277 314 2314 affectionis.
344 2278 423 2313 Non
456 2277 537 2310 veni
574 2285 697 2320 pacem
733 2273 873 2309 scilieet

95 2325 210 2361 talem
238 2326 389 2364 mittere,
427 2322 487 2367 qui
523 2331 696 2367 guerram
734 2320 873 2356 consti-

95 2371 181 2415 tuit,
203 2374 239 2406 et
260 2370 450 2405 hominem
473 2368 663 2403 inimicum
683 2367 744 2402 Dei
766 2367 872 2411 faeit3

96 2419 160 2455 sed
179 2418 357 2462 eludium,
382 2416 415 2451 id
449 2420 505 2451 est
533 2415 808 2460 separationem
839 2418 875 2450 et

98 2465 356 2512 praecisionem
375 2464 468 2508 ejus,
485 2473 565 2508 quae
585 2471 714 2507 pacem
732 2460 876 2496 inducit

98 2516 135 2549 et
176 2511 367 2547 hominem
416 2512 490 2545 Deo
537 2508 741 2553 conjungit.
785 2509 877 2544 Veni

98 2558 237 2596 etenim
250 2568 419 2602 separare
431 2558 619 2595 hominem,
636 2554 672 2589 id
688 2558 743 2590 est
759 2554 875 2590 filium

99 2607 273 2642 adversus
302 2608 443 2647 putrem
469 2614 586 2640 suum.
608 2606 640 2637 et
667 2603 783 2646 filium
808 2602 874 2636 ad-

98 2664 221 2689 versus
239 2656 387 2687 matrem
405 2661 520 2689 swern,
540 2653 572 2684 et
602 2659 732 2684 nurum
750 2649 875 2683 adoer-

98 2711 159 2736 sus
179 2711 318 2735 socrum
338 2709 455 2741 surim,
490 2697 526 2731 id
562 2700 632 2740 est,
667 2696 874 2731 seeundum

102 2748 294 2784 Glossam:
325 2745 412 2780 Veni
441 2743 606 2790 privatos
632 2742 754 2778 earnis
782 2742 873 2777 affe-

103 2798 183 2831 ctus
217 2793 464 2839 exstinguere,
487 2790 623 2837 quibus
644 2789 696 2826 ita
716 2788 875 2825 invicem

945 263 984 288 se
1000 251 1173 297 diligunt,
1189 253 1228 286 ut
1240 252 1314 286 Deo
1330 249 1453 287 minus
1465 250 1643 296 serviant,
1664 251 1724 289 vel

944 301 1094 345 penitus
1128 309 1149 333 a
1176 297 1240 334 Dei
1268 298 1419 334 servitio
1454 310 1493 334 se
1532 301 1721 336 avertant.

945 344 1232 398 Undeloquitur
1251 345 1309 381 hie
1329 346 1373 381 de
1396 345 1632 392 separatione
1647 345 1722 392 spi-

944 394 1083 436 rituali,
1113 392 1252 428 seilieet
1280 393 1326 428 ab
1363 404 1491 429 amore
1513 394 1723 429 amicorum

944 440 1176 484 inordinato,
1197 451 1269 475 non
1287 440 1332 475 de
1353 441 1550 485 corporali,
1570 440 1721 486 quando

945 492 1000 523 est
1031 487 1112 523 sine
1144 486 1369 522 contumelia
1397 487 1584 523 Creatoris
1606 490 1642 523 et
1663 487 1723 523 of-

945 536 1075 577 sensa;
1097 538 1130 569 et
1148 536 1288 569 inimici
1303 536 1471 574 hominis,
1492 534 1554 580 qui
1578 533 1724 570 scilicet

945 582 997 618 sic
1026 585 1219 627 separatus
1241 584 1296 616 est
1329 582 1375 616 ab
1410 581 1506 623 aliis,
1540 581 1596 617 vel
1629 581 1721 624 fide,

944 629 1001 665 vel
1022 628 1217 673 religione,
1234 632 1269 664 et
1290 628 1472 671 moribus,
1495 631 1581 663 sunt
1603 628 1722 663 dome-

942 678 1026 712 stica·
1046 677 1136 721 ejus,
1160 675 1221 720 qui
1254 675 1366 710 etim]
1397 679 1483 710 ante
1510 674 1722 721 separatio-

942 734 1042 764 nem,
1065 723 1133 758 etsi
1168 722 1369 757 carnaliter
1395 722 1570 767 diligunt,
1590 725 1722 757 tamen

942 770 1185 816 spiritualiter
1202 769 1348 811 odiunt,
1362 769 1449 804 dum
1472 779 1624 804 rursum
1635 767 1723 805 vitae

942 817 1147 864 spiritualis
1174 816 1395 861 impediunt.
1421 837 1463 841 —
1498 815 1637 851 Deinde
1658 825 1719 851 os-

940 864 1061 900 tendit
1082 863 1264 899 Dominus
1284 863 1435 898 modum
1456 873 1529 908 quo
1546 863 1646 898 venit
1663 872 1722 898 se-

940 922 1073 958 parare
1098 910 1287 946 hominem
1312 910 1357 945 ab
1382 909 1526 953 amieis,
1555 913 1591 945 et
1614 908 1721 955 ponit

941 959 1104 1004 quinque
1126 956 1395 1002 impedimenta
1410 956 1663 1002 perfeetionis,
1685 959 1723 992 et

941 1005 1103 1051 sequelae
1143 1003 1294 1046 Christi,
1319 1015 1402 1047 quae
1438 1004 1608 1039 volentes
1636 1013 1723 1039 eum

941 1051 1062 1096 sequi,
1090 1061 1287 1087 removere
1311 1051 1462 1085 debent.

988 1103 1008 1135 5
1034 1100 1174 1134 Pmmm
1211 1109 1474 1133 mpnomssxrun
1514 1107 1721 1133 rani-ecmo-

940 1158 996 1182 Nis
1017 1158 1058 1181 ET
1086 1157 1251 1185 saeuiens
1283 1146 1425 1180 Cunisri
1449 1157 1455 1180 ε
1480 1155 1721 1180 monmmrus

941 1204 1217 1232 rnopmouonuu
1240 1203 1334 1226 Axion
1371 1212 1416 1216 -
1438 1191 1570 1234 Incipit
1599 1201 1620 1226 a
1640 1191 1720 1236 pri-

941 1251 1001 1276 mo
1022 1239 1316 1284 impedimendo,
1336 1238 1435 1283 quod
1458 1238 1721 1273 estinordina-

941 1291 1000 1323 tus
1027 1297 1133 1322 amor
1157 1286 1469 1332 propinquorum,
1507 1285 1552 1320 de
1573 1295 1646 1330 quo
1669 1284 1723 1320 sie

942 1334 1024 1370 ait:
1064 1335 1133 1376 Qui
1154 1336 1253 1367 amat
1291 1336 1444 1377 putrem,
1473 1336 1536 1367 aut
1568 1335 1722 1367 matrem

941 1383 996 1416 vel
1019 1383 1149 1425 filium,
1173 1384 1238 1414 ‘tut
1260 1381 1375 1422 filium
1400 1380 1483 1423 plus
1522 1389 1631 1423 quam
1653 1389 1721 1422 me,

942 1428 1041 1473 quod
1077 1427 1118 1462 fit
1158 1426 1533 1471 111ultiplieiter‚cum
1566 1428 1722 1471 propter

942 1486 1006 1510 eos
1027 1474 1074 1509 ad
1097 1474 1209 1508 tidem
1233 1484 1306 1507 non
1321 1476 1435 1513 venit,
1455 1473 1508 1507 vel
1523 1476 1718 1517 acceptam

943 1521 1109 1563 dimittit,
1133 1520 1187 1555 vel
1216 1520 1372 1554 mortale
1400 1523 1594 1563 peccatum
1619 1529 1720 1554 eom-

944 1567 1071 1611 mittit,
1091 1567 1144 1602 vel
1162 1571 1281 1601 status
1297 1566 1350 1601 sni
1373 1565 1535 1610 perh-ulo
1556 1576 1594 1601 se
1614 1576 1724 1612 expo-

944 1615 1011 1658 nit,
1035 1625 1104 1649 non
1126 1618 1176 1648 esc
1199 1624 1252 1647 me
1269 1613 1416 1655 dafnus,
1442 1623 1498 1647 me
1520 1611 1662 1648 scilicet
1682 1611 1723 1648 in

946 1662 1082 1697 mundo
1116 1662 1255 1696 habere
1284 1660 1483 1704 hospitem,
1516 1658 1551 1694 in
1578 1658 1722 1705 Judicio

944 1713 1093 1751 testem,
1115 1708 1152 1742 in
1175 1718 1291 1751 regno
1311 1710 1646 1741 remuneratorem.
1663 1707 1727 1742 Se-

944 1755 1106 1791 cundum
1132 1754 1230 1789 enim
1261 1754 1520 1796 Auqzzstmmm,
1550 1755 1725 1798 peccator

944 1802 1057 1838 etiam
1077 1812 1149 1836 non
1170 1804 1225 1836 est
1244 1801 1380 1845 dignus
1403 1810 1497 1844 pane
1519 1810 1592 1844 quo
1611 1799 1726 1835 vesei-

944 1853 1017 1885 tur.
1041 1848 1151 1891 Quasi
1176 1847 1316 1882 direret
1338 1847 1469 1882 Domin
1489 1857 1541 1881 us:
1562 1846 1620 1882 Sie
1641 1846 1725 1882 veni

944 1906 1120 1942 separare
1141 1894 1332 1930 hominem
1347 1904 1367 1928 a
1381 1898 1484 1939 patre
1505 1893 1559 1928 vel
1577 1892 1726 1939 amicis,

946 1954 1019 1978 non
1039 1942 1126 1988 quin
1150 1946 1294 1987 patrem
1314 1941 1457 1985 diligat,
1475 1945 1509 1975 et
1528 1939 1564 1975 in
1588 1950 1722 1986 paren-

944 1994 1000 2026 tes
1011 1990 1187 2035 pietatem
1207 1992 1351 2030 servet3
1369 1988 1433 2022 sed
1458 1998 1502 2022 ne
1525 1991 1727 2032 paternam

945 2096 988 2120 ae
1020 2083 1170 2130 pietatis
1198 2084 1311 2117 cultui
1344 2084 1569 2126 anteponat;
1600 2084 1636 2116 et
1662 2081 1726 2117 ubi

946 2132 1041 2178 patri
1060 2130 1113 2166 vel
1139 2129 1245 2165 matri
1266 2139 1338 2163 non
1362 2132 1482 2174 potest
1500 2127 1641 2163 servari
1660 2128 1725 2164 ho-

948 2189 1017 2214 nor
1034 2180 1097 2213 aut
1119 2176 1250 2222 pietas,
1271 2175 1350 2211 sine
1370 2176 1512 2210 offensa
1534 2174 1597 2210 Dei
1620 2175 1726 2220 etja-

947 2229 1052 2261 ctura
1072 2223 1232 2269 propriae
1255 2222 1401 2264 salutiS,
1427 2227 1513 2256 tnnc
1535 2221 1663 2257 odium
1684 2221 1725 2258 in

947 2283 1034 2308 suos
1056 2272 1174 2317 pietas
1201 2273 1255 2305 est
1282 2269 1320 2304 in
1350 2271 1478 2311 Deum,
1501 2271 1537 2304 et
1562 2267 1725 2304 salubri-

947 2323 1004 2355 ter
1026 2319 1288 2362 relinquuntur
1309 2320 1414 2361 pater
1436 2320 1470 2351 et
1491 2315 1725 2361 mater,quia

947 2365 1203 2412 praeferendus
1216 2367 1270 2399 est
1286 2368 1465 2398 creatnrae
1479 2363 1645 2398 Creator.
1660 2362 1725 2398 Ca-

948 2413 1039 2449 ritas
1054 2412 1153 2448 enim
1170 2411 1220 2446 sie
1234 2413 1289 2445 est
1300 2410 1378 2445 ordi
1389 2414 1487 2453 nata,
1499 2409 1597 2454 quod
1610 2409 1722 2445 homo

948 2461 1059 2496 debet
1095 2460 1210 2494 Deum
1246 2457 1400 2501 diligere
1439 2467 1552 2501 super
1579 2455 1722 2500 omnia,

948 2507 1061 2543 etiam
1079 2515 1192 2550 super
1206 2504 1368 2549 seipsum
1383 2515 1390 2547 ;
1409 2508 1444 2538 et
1462 2503 1544 2538 ideo
1559 2513 1626 2549 pro
1642 2502 1723 2538 nul-

948 2554 1019 2590 lius
1034 2556 1331 2599 quantocumque
1344 2561 1470 2585 amore
1486 2550 1542 2585 vel
1556 2547 1723 2586 amicitia

949 2602 1061 2637 debet
1079 2597 1277 2640 retardari,
1302 2597 1389 2642 quin
1409 2599 1657 2642 prosequatur
1676 2606 1722 2632 ea

949 2658 1033 2693 quae
1052 2647 1238 2692 pertinent
1259 2645 1305 2680 ad
1335 2645 1516 2679 honorem
1539 2642 1617 2679 Dei.
1641 2643 1718 2679 Sub

950 2697 1039 2738 Deo,
1059 2698 1094 2729 et
1117 2698 1267 2739 propter
1287 2693 1401 2726 Deum
1420 2690 1600 2736 quidquid
1621 2699 1722 2725 ama·

950 2745 1011 2777 tur
1031 2740 1234 2776 amandum
1256 2741 1322 2774 est.
1343 2737 1444 2773 Unde
1461 2739 1720 2781 Hieronymus:

953 2803 971 2822 «
993 2787 1059 2824 Hic
1085 2787 1176 2824 ordo
1203 2786 1241 2821 in
1261 2785 1359 2821 omni
1388 2785 1525 2820 affeetu
1545 2792 1721 2820 neeessa-
