1894 3186
539 186 590 218 DF,
629 186 797 219 DUOBUS
836 187 967 220 CAECIS
1004 188 1052 221 ET
1092 187 1173 219 UNO
1214 188 1347 221 MU'I'O.
1724 195 1762 229 35

130 255 683 301 manumUndepraedicatores
704 258 911 294 obtulerunt
942 259 944 266 ’

129 306 288 342 Domino
308 306 484 340 hominem
495 306 647 345 mutum,
666 304 700 338 id
722 310 777 339 est
794 317 910 350 genus
942 319 944 381 1

129 353 349 395 humanum,
365 356 507 386 mutum
522 362 542 385 a
558 352 788 387 confessione
808 353 909 397 fidei,

130 400 358 436 daemonium
396 398 595 434 habentem
624 401 660 433 et
687 399 910 435 idolidatriae
943 385 944 446 1

130 447 311 483 deditum.
333 446 417 487 Sed,
441 446 550 490 ejecto
567 446 751 486 daemom'o,
773 451 806 481 et
829 448 910 482 ido-

130 494 279 529 lolatria
305 493 449 535 relicta,
480 494 618 527 loeutus
649 496 701 527 est
719 497 854 534 mutus,
875 499 911 530 et

129 541 317 577 Christum
336 540 539 575 confessus.
569 542 637 574 Per
660 539 768 575 istum
796 543 910 578 etiam
942 554 944 585 1

129 592 291 634 mutum,
319 588 488 630 signatur
508 588 666 632 quilibet
688 589 799 623 homo
827 600 910 634 pos-
943 590 944 637 1

130 645 251 671 sessus
272 647 293 670 a
313 636 483 670 daenmne
507 646 571 678 per
594 640 787 678 peccatum
809 647 911 671 mor-
943 640 945 684 1

128 683 218 719 tale.
259 684 303 718 Et
340 683 476 717 dicitur
515 686 649 726 mutus,
683 684 771 727 quia
809 684 909 729 loqui
945 701 946 705 =

129 741 207 766 non
226 734 346 775 potest
364 729 553 764 meritorie
571 740 578 772 ;
600 730 662 764 sed
686 731 760 765 Deo
782 742 914 766 curan-

131 777 200 814 dus
221 777 390 819 offertur,
413 777 563 821 qnando
582 777 671 820 justi
694 788 760 822 pro
781 788 823 812 eo
847 779 914 814 de·
946 783 948 812 1

130 829 347 871 precantur,
381 828 417 858 et
450 826 539 858 tunc
564 824 711 860 daemon
750 825 912 870 ejicitur,

130 873 282 918 quando
323 874 514 916 peccatum
554 872 666 917 ipsius
699 884 721 908 a
751 873 826 908 Deo
851 883 915 918 per

129 919 355 956 infusionem
391 920 521 964 gratiae
558 921 768 962 relaxatur,
806 925 915 955 tunc-

130 977 203 1013 que
223 967 380 1002 solvitur
403 967 481 1010 ejus
501 965 641 1009 l1ngua,
665 969 711 1002 ad
740 969 803 1003 Dei
826 979 917 1012 prae-

130 1014 239 1050 conia
277 1013 536 1058 persolvenda.
573 1015 728 1057 Quando
763 1015 863 1050 enim
894 1027 915 1050 a

132 1061 304 1097 daemone

132 1109 228 1154 quis,
251 1109 280 1142 si
306 1112 558 1150 convertatur,
594 1112 630 1143 et
663 1110 709 1144 ad
737 1110 917 1154 pceniten-

132 1156 223 1191 tiam
244 1156 387 1195 redeat,
409 1165 492 1189 mox
520 1155 661 1190 videbis
690 1162 832 1192 mutum
861 1157 914 1191 lo·
948 1151 949 1190 1

132 1206 324 1249 quentem‚
350 1202 466 1236 Deum
496 1202 712 1238 laudantem
744 1205 914 1247 seipsum

132 1253 385 1291 accusantem,
416 1253 452 1283 et
486 1250 679 1285 veritatem
710 1251 916 1295 praedican-
947 1273 948 1300 1

133 1297 543 1332 tem.Pharisaei;1utem
561 1298 914 1333 hocdaemoniorum
947 1313 948 1328 1

134 1343 294 1389 principi
330 1344 594 1387 attribuentes,
629 1350 716 1380 sunt
744 1345 915 1380 homines
947 1353 948 1376 1

133 1390 304 1437 maligni,
327 1391 424 1425 bona
458 1391 616 1426 aliorum
653 1393 857 1437 depravare
879 1396 917 1427 et

133 1442 348 1484 pervertere
369 1442 574 1474 studentes.
593 1440 770 1474 Dominus
788 1445 915 1475 autem
948 1469 949 1475 ,

132 1496 210 1522 non
242 1486 443 1520 desistebat
478 1498 497 1519 a
529 1486 806 1529 prsedieatione‚
837 1498 918 1532 pro-

132 1591 200 1616 nos
220 1579 497 1615 accusatoribus
523 1582 660 1615 nostris
693 1581 916 1625 retribuere,
950 1582 951 1587 ’

132 1638 208 1663 non
224 1628 572 1670 accusatmuesffied
597 1628 790 1664 beneficia.
815 1629 918 1664 Unde
951 1627 953 1655 ἶ

132 1674 185 1711 ait
212 1676 514 1719 Chrysostomus:
544 1687 561 1708 «
596 1676 720 1710 Voluit
740 1675 919 1711 Dominus
952 1687 953 1696 ¹

132 1722 211 1768 ipso
246 1722 344 1757 facto
375 1722 652 1757 accusationem
692 1724 920 1767 redarguere
953 1727 954 1760 1

948 1483 950 1500 1

949 1501 950 1520 1

132 1536 215 1579 pter
236 1533 385 1567 illorum
422 1533 740 1578 depravationem,
780 1535 919 1569 docens
949 1523 952 1580 1

951 1608 952 1624 1

951 1659 953 1676 1

136 1770 425 1808 Pharisaesmum,
447 1769 674 1804 dicentium:
695 1771 735 1804 1η
755 1772 921 1815 principe

135 1816 392 1852 daemoniorum
415 1815 514 1859 ejzcct
533 1817 711 1851 daemonz'a
731 1829 741 1851 .-
771 1818 919 1852 daeinon
953 1833 955 1858 ¹,

136 1864 235 1899 enim
272 1865 476 1898 convitium
517 1875 642 1908 passus
672 1874 747 1899 non
768 1865 920 1899 benefa-

136 1910 200 1955 cit,
223 1910 287 1946 sed
324 1915 436 1945 nocet
463 1911 514 1945 eis
548 1911 610 1955 qui
645 1922 731 1946 eum
767 1912 922 1945 inbono-
954 1922 956 1925 ·

133 1961 246 2002 rant;
273 1958 453 1992 Dominus
473 1962 597 1992 autem
617 1959 846 1993 contrarium
868 1960 920 1992 i'a-
955 1956 956 1965 ¹

136 2005 199 2049 cit,
236 2005 299 2050 qui
335 2009 416 2050 post
435 2006 593 2039 convitia
614 2009 650 2040 et
677 2006 922 2040 contumelias

136 2062 212 2087 non
238 2052 356 2087 solum
374 2063 447 2086 non
464 2052 618 2096 punivit,
645 2054 706 2087 sed
728 2053 840 2087 etiam
856 2063 922 2086 nec
956 2058 957 2068 ¹

136 2099 361 2144 increpavit,
385 2098 554 2144 quinimo
594 2099 776 2134 beneficia
822 2110 920 2144 prae-

136 2146 254 2182 stitit:
279 2159 296 2179 »
328 2147 407 2181 hece
440 2148 728 2192 Chrysostomus.

185 2196 205 2228 6
229 2195 449 2228 Pnffimcmo
485 2205 526 2228 ET
542 2205 720 2229 MIRACULA
760 2193 919 2228 Cnmsrl.

139 2260 185 2266 --
203 2241 309 2275 Unde
327 2246 495 2285 sequitur
514 2255 521 2276 ε
542 2244 589 2276 Et
604 2241 780 2276 circuibat
806 2243 922 2282 jesus,
957 2231 958 2246 ³

138 2287 209 2323 hoc
248 2291 303 2322 est
340 2293 472 2322 eontra
513 2289 758 2334 negligentes,
805 2297 924 2322 omnes

138 2336 305 2370 civitates
325 2338 356 2369 et
375 2336 539 2378 castella,
557 2337 593 2369 id
619 2341 675 2370 est
696 2334 823 2370 omnia
842 2335 925 2369 loca

139 2381 286 2427 majora
329 2385 366 2417 et
406 2384 579 2425 minora3
614 2383 685 2417 hoc
717 2386 773 2417 est
791 2386 924 2416 contra

138 2428 307 2464 locorum
330 2429 389 2463 vel
409 2439 651 2473 personarum
689 2433 922 2473 acceptores.

141 2476 246 2511 Unde
286 2477 504 2520 Theophilus
542 2489 552 2511 ι
589 2489 606 2510 (1
636 2478 715 2512 Nun
744 2478 862 2511 solum
887 2476 925 2510 in

142 2521 353 2557 civitatibus
382 2524 561 2558 Dominus
588 2524 830 2568 praedicabat,
861 2522 925 2557 sed

143 2569 256 2604 etiam
277 2568 315 2604 in
336 2571 510 2608 castellis.
535 2575 575 2605 ut
602 2572 785 2606 discamus
814 2579 926 2614 parva

143 2615 226 2651 loca
263 2627 339 2651 non
384 2628 574 2661 spernere,
613 2629 736 2663 neque
772 2626 927 2662 magnas

143 2673 292 2708 semper
306 2674 475 2708 quaerere
486 2666 669 2709 civitates,
683 2665 746 2700 sed
767 2667 925 2699 verbum

144 2710 211 2745 Dei
233 2711 272 2745 in
293 2712 383 2746 vicis
409 2712 564 2756 abjectis
589 2718 624 2746 et
654 2711 791 2747 vilibus
812 2710 925 2744 semi-

144 2765 248 2793 nare.
273 2769 291 2790 »
326 2758 530 2802 Circuibat,
553 2760 721 2804 inquam,
742 2758 870 2793 doeens
888 2758 927 2791 in

143 2805 342 2851 synayoyis
363 2815 497 2852 eorum,
521 2806 558 2841 id
578 2809 633 2842 est
652 2805 690 2841 in
712 2805 803 2841 locis
823 2813 927 2839 com-

361 1071 424 1105 per
466 1066 659 1104 peccatum
707 1063 950 1107 possidetur*

985 257 1161 292 munibus
1188 261 1224 291 et
1245 258 1391 299 debitis,
1417 261 1476 295 ubi
1499 267 1578 297 erat
1599 275 1762 303 conven-

984 308 1043 339 tus
1063 303 1269 340 hominum,
1296 316 1376 341 non
1403 308 1437 341 111
1461 309 1637 354 latibulis,
1668 313 1763 348 sicut

986 362 1066 386 mos
1087 355 1141 385 est
1160 352 1369 396 haereticis,
1385 357 1629 399 etpraerltcrms
1650 362 1767 395 Evan-

984 400 1120 443 Qelium
1134 400 1250 442 regni,
1291 400 1325 434 id
1361 406 1415 435 est
1447 403 1578 447 Legem
1609 408 1766 452 Novam,

986 457 1068 491 qua}
1110 447 1323 481 immediate
1357 448 1457 483 dut-it
1503 452 1547 484 ad
1593 464 1765 496 regnum,

986 494 1084 538 quod
1110 504 1182 527 non
1217 493 1378 529 faciebat
1410 496 1479 530 Lex
1518 499 1652 543 Vetus,
1693 512 1767 536 non

986 540 1168 583 sabuliiffia,
1193 541 1354 583 inutilia,
1380 543 1433 577 vel
1454 545 1621 587 Cilr‘l‹is:i,·
1646 550 1678 582 et
1705 559 1766 583 cu—

984 598 1072 623 rans
1093 598 1230 623 omnem
1252 589 1459 632 lanquorem
1484 593 1598 635 prolix
1619 605 1680 635 1111,
1703 595 1770 639 qui

986 636 1072 670 licet
1093 646 1165 670 non
1182 636 1229 670 sit
1246 646 1288 670 ex
1310 647 1346 671 se
1366 638 1521 672 multum
1552 640 1769 687 vehemens,

987 686 1118 728 gravat
1138 686 1264 717 tamen
1289 694 1330 718 ex
1354 684 1613 730 diuturnitate,
1638 691 1671 723 et
1693 699 1769 723 om-

987 740 1067 764 nem
1097 731 1360 774 infirmitatem,
1390 732 1532 767 scilicet
1569 735 1770 770 vehemen-

989 782 1078 821 tem,
1101 787 1183 822 quae
1204 783 1335 823 gravat
1354 789 1395 813 ex
1425 780 1604 823 passionis
1625 783 1770 818 acerbi—

989 826 1091 860 tate:
1128 829 1167 859 ut
1194 836 1270 859 non
1309 836 1482 861 sermone
1518 832 1675 871 tantuin,
1705 830 1771 865 sed

990 875 1027 906 et
1048 882 1161 915 opere
1189 873 1441 915 persuaderet.
1472 874 1522 908 Ex
1554 886 1627 919 quo
1665 880 1769 921 patet

992 918 1109 953 inulta
1129 919 1309 954 miracula
1332 920 1392 955 hic
1414 921 1449 955 in
1471 923 1590 965 quoda
1600 933 1632 957 111
1655 934 1771 969 gene-

991 966 1059 1000 rali
1080 967 1267 1005 conclusa,
1290 967 1334 1000 ad
1353 968 1678 1005 confirmationem
1703 971 1774 1006 Le·

992 1013 1046 1058 gis
1069 1014 1300 1058 Evangelii-se
1323 1025 1344 1048 a
1365 1014 1513 1049 Cliiisto
1551 1016 1659 1052 facta.
1702 1019 1768 1054 Hic

992 1059 1092 1094 enim
1113 1066 1302 1103 ponuntur
1332 1062 1508 1096 miracula
1531 1062 1568 1097 111
1591 1065 1774 1111 «generali,

992 1107 1079 1150 quia
1103 1107 1348 1150 Evangelistze
1383 1119 1455 1142 non
1485 1113 1658 1153 poterant
1691 1123 1774 1147 om·

990 1153 1053 1187 nia
1086 1153 1182 1188 facta
1203 1155 1339 1189 Christi
1359 1156 1523 1190 seribere
1549 1157 1583 1190 in
1607 1159 1773 1202 particu-

947 1206 949 1241 ζ
990 1200 1074 1235 lari.
1109 1201 1214 1243 Nam,
1250 1206 1288 1235 ut
1322 1200 1412 1235 dicit
1437 1203 1600 1238 ,Ioannes
1623 1219 1630 1240 ε
1655 1207 1777 1241 Multa

988 1248 1066 1281 αίὶα
1102 1249 1209 1291 siqua
1241 1250 1328 1290 fecit
1362 1250 1477 1293 Jesus,
1500 1262 1579 1294 qzcae
1606 1257 1779 1289 nonszmt

988 1297 1128 1339 scripta
1162 1297 1201 1329 in
1233 1296 1325 1330 libro
1361 1297 1436 1331 hoc.
1477 1298 1578 1332 Sicut
1600 1300 1699 1334 enim
1735 1300 1775 1335 in

989 1341 1154 1377 Ecclesia
1180 1343 1328 1383 legitur.
1355 1347 1391 1377 et
1410 1344 1547 1379 dicitur
1576 1346 1611 1379 in
1633 1348 1773 1391 1111Γὶ]-

988 1389 1132 1434 relegio
1152 1401 1158 1425 :
1181 1391 1227 1424 Et
1254 1392 1410 1425 aliorum
1433 1392 1672 1435 plurc'morwn
1691 1404 1776 1429 scm-

988 1439 1126 1470 ctorum
1135 1438 1339 1481 Martyrum
1359 1440 1391 1473 et
1402 1438 1650 1481 Confessorum
1670 1444 1780 1486 atque

989 1488 1200 1518 sanctarum
1229 1487 1418 1528 Vz'ryc'num
1438 1498 1447 1527 ;
1476 1488 1544 1520 bac
1564 1488 1708 1522 scilieet
1732 1489 1777 1524 de

992 1540 1114 1573 causa,
1144 1531 1231 1575 quia
1254 1532 1408 1566 Carolus
1428 1534 1584 1577 Magnus
1611 1534 1697 1569 fecit
1715 1534 1778 1570 in·-

992 1579 1090 1621 quiri
1125 1577 1326 1623 diligenter
1358 1580 1480 1614 obitus
1504 1583 1539 1614 et
1560 1584 1665 1615 actus
1684 1583 1778 1617 Mar-

993 1629 1130 1670 tyrum,
1154 1630 1189 1659 et
1215 1626 1374 1660 aliorum
1404 1627 1640 1668 Sanctormn,
1664 1632 1701 1663 et
1718 1629 1775 1663 in-

992 1677 1145 1705 ventum
1174 1677 1227 1706 est
1261 1673 1361 1717 quod
1385 1673 1514 1708 diebus
1538 1674 1693 1719 siugulis
1714 1686 1776 1711 oc-

995 1719 1199 1753 currebant
1230 1720 1311 1764 plus
1340 1730 1450 1760 uuam
1474 1726 1641 1756 trecenta
1668 1722 1774 1768 festa,

997 1770 1148 1810 propter
1169 1768 1267 1810 quod
1287 1769 1466 1802 statutum
1489 1773 1557 1811 est,
1581 1773 1621 1803 ut
1644 1769 1680 1803 in
1701 1769 1776 1805 sine

995 1814 1266 1858 Martyrologii,
1290 1815 1451 1849 addatur
1484 1815 1650 1850 clausula
1677 1827 1777 1860 prze-

996 1861 1096 1895 dicta
1130 1864 1170 1894 ut
1203 1863 1334 1896 saltem
1359 1862 1395 1896 in
1421 1863 1589 1906 generali
1610 1862 1675 1897 fiat
1704 1874 1779 1899 ine-

996 1908 1116 1942 moria
1151 1908 1387 1953 Sanctorum,
1428 1910 1464 1943 in
1506 1909 1565 1943 die
1599 1911 1778 1945 transitus

997 1965 1140 1990 eorum.
1168 1955 1218 1989 lta
1242 1956 1415 1990 similiter
1452 1961 1487 1990 et
1515 1958 1776 2003 Evangelistae,

997 2004 1086 2047 quia
1124 2013 1199 2036 non
1231 2006 1406 2048 poterint
1433 2005 1560 2038 omnia
1596 2005 1779 2041 miracula

998 2050 1136 2083 Christi
1163 2051 1198 2084 in
1232 2052 1449 2095 particulari
1484 2051 1663 2095 scribere,
1693 2053 1777 2087 ideo

997 2095 1216 2140 frequenter
1242 2100 1359 2132 multa
1379 2099 1606 2133 minc-ludunt
1631 2100 1664 2133 in
1686 2110 1780 2144 qua-

956 2148 958 2183 ῑ
997 2143 1082 2177 dam
1116 2145 1377 2188 generalitate,
1409 2146 1506 2179 suut
1540 2150 1642 2190 patet
1663 2146 1723 2180 hic
1745 2149 1782 2181 et

998 2190 1088 2225 alibi
1110 2190 1149 2224 111
1171 2191 1327 2226 diversis
1348 2193 1437 2227 locis
1464 2193 1670 2237 Evangelii.
1700 2193 1780 2228 Cir-

1000 2237 1126 2272 cuibat
1147 2248 1235 2283 ergo
1275 2240 1392 2282 ι115115,
1426 2249 1502 2274 non
1523 2240 1569 2274 ad
1602 2241 1782 2276 devoran—

999 2285 1087 2318 dum
1110 2287 1147 2318 et
1175 2285 1421 2329 1⁷›erdendum‚
1454 2287 1515 2321 sed
1539 2287 1585 2321 ad
1621 2288 1783 2323 maxima

998 2330 1181 2366 beneficia
1205 2334 1257 2367 eis
1276 2332 1509 2368 afferendum
1530 2346 1537 2370 ;
1562 2344 1674 2368 unum
1696 2335 1781 2380 qui-

1000 2380 1098 2419 dem,
1111 2380 1217 2424 regni
1234 2381 1277 2414 Ex
1287 2380 1478 2424 angelium
1494 2392 1503 2425 ;
1522 2381 1623 2416 aliud
1638 2386 1778 2426 autem,

1001 2426 1167 2460 omnium
1215 2427 1486 2472 &egritudinum
1519 2428 1780 2474 curationem3

1001 2473 1039 2507 in
1077 2483 1239 2518 quorum
1281 2473 1399 2519 primo
1435 2476 1533 2510 salus
1554 2476 1782 2520 animarum,

1001 2520 1036 2554 in
1068 2522 1234 2556 secundo
1252 2523 1349 2557 salus
1377 2532 1577 2567 corporum
1612 2523 1784 2567 exprimi-

1001 2571 1084 2610 tur;
1124 2572 1161 2602 et
1193 2569 1277 2604 illos
1310 2580 1403 2614 quos
1434 2580 1590 2614 corpore
1626 2571 1785 2605 sanabat

1001 2614 1222 2658 extrinscus,
1246 2615 1358 2651 etiam
1384 2621 1507 2651 mente
1545 2617 1702 2651 sanabat
1732 2618 1786 2651 in-

1001 2662 1197 2698 trinsecus.
1237 2663 1413 2698 Omnium
1446 2665 1597 2708 quidem
1625 2664 1784 2698 salutem

1002 2707 1215 2753 affectabat,
1241 2714 1278 2745 et
1308 2712 1448 2745 bonum
1484 2721 1681 2745 commune
1709 2720 1784 2745 ma-

1003 2755 1059 2800 gis
1085 2765 1197 2800 quam
1219 2758 1404 2801 privatum
1428 2758 1664 2802 procurabat.
1696 2757 1783 2801 Sed,

1003 2804 1098 2847 proh
1118 2803 1248 2839 dolor!
1277 2805 1390 2840 hodie
1420 2806 1559 2840 bouum
1582 2804 1783 2849 privatum,
