1894 3186
464 186 517 221 DE
554 186 756 221 ADVENTU
794 186 953 221 DOMINI
991 185 1034 219 IN
1069 183 1316 218 NAZARETll.
1656 182 1712 214 155

82 260 216 306 tentia,
248 260 312 296 sed
347 259 391 295 de
426 257 730 294 inconvenientia
741 268 752 303 ;
781 268 859 294 non

81 308 184 346 enim
201 307 427 344 conveniens
445 305 529 350 fuit,
551 305 639 351 quia
658 304 762 351 digni
782 316 858 341 non

82 359 203 393 erant.
226 356 271 391 Et
291 364 403 391 causa
422 352 547 389 statim
573 352 762 395 subditur,
783 353 858 388 sci-

82 403 170 440 licet
194 417 202 440 :
229 406 377 449 propter
401 400 693 436 incredulitatem
721 410 855 445 eoram,

81 455 235 497 propter
248 459 360 495 quam
373 448 487 485 etiam
502 446 680 483 Dominus
694 448 856 483 miraba-

80 501 163 544 tur,
198 498 286 543 quia
326 497 446 542 ipsum
483 495 596 531 etiam
632 499 857 540 praeseiitein

80 544 262 582 habentes
288 543 491 586 Christum,
522 540 754 588 agnitionem
784 543 855 587 sui,

79 592 203 629 verbis
222 595 259 627 et
275 590 391 637 signis
410 591 463 626 eis
481 591 730 636 ingerentem,
746 589 857 625 nihil-

79 640 228 676 ominus
246 638 429 674 increduli
444 637 711 683 perdurabant.
728 638 769 672 In
788 638 858 673 hoe

79 690 195 733 patet,
219 685 317 732 quod
343 685 434 721 fides
454 684 614 720 maxime
635 688 858 730 cooperatur

79 735 120 771 in
151 733 343 770 miraculis
376 731 571 776 faciendiS,
597 730 686 777 quia
710 734 859 777 propter

76 781 370 818 incredulitatem
409 779 602 815 subtracta
635 782 721 814 sunt
758 778 828 814 illis
841 789 851 823 3

79 828 225 875 aliquas
250 832 377 864 tamen
403 827 559 862 virtutes
579 826 631 862 ibi
658 825 759 871 fecit,
784 824 855 861 sci-

78 876 167 912 licet
187 886 325 921 paucos
348 874 518 910 infirmos
539 873 667 909 fideles
690 877 726 908 et
746 873 857 908 devo-

78 926 149 965 tos,
183 922 357 958 manibus
389 921 531 958 deificis
560 920 762 967 impositis,
795 932 859 956 cu-

79 970 219 1014 rand03
240 970 340 1016 quod
359 973 458 1014 patet
478 980 521 1005 ex
539 969 610 1004 hoc
630 968 730 1013 quod
746 978 860 1013 supra

81 1018 256 1053 dixerunt
280 1031 287 1053 ;
319 1018 420 1053 Unde
451 1017 533 1051 huic
563 1017 747 1062 sapientia
773 1017 858 1054 heee.

81 1068 115 1100 et
146 1066 332 1100 virtutos?
367 1063 510 1100 Dicitur
545 1063 583 1098 in
620 1065 758 1108 Marco,
786 1073 861 1098 non

76 1113 241 1158 potuisse
257 1113 390 1156 facere,
410 1112 498 1157 qnia
519 1110 652 1153 noluit,
674 1116 709 1145 et
731 1120 862 1146 revera

80 1169 158 1196 non
194 1160 318 1195 decuit
332 1187 340 1203 ,
379 1161 528 1205 propter
567 1158 860 1193 incredulitatem

80 1217 226 1250 eorum3
249 1217 336 1250 non,
359 1210 399 1241 ut
421 1209 579 1251 negetur
604 1204 771 1249 potentia
787 1205 862 1240 ab-

79 1253 213 1298 soluta,
239 1254 304 1289 sed
328 1253 515 1298 ordinata,
543 1262 587 1288 ac
613 1252 860 1297 congruitatis

81 1304 118 1336 et
138 1300 334 1345 detentae,
357 1310 431 1345 qua
454 1310 493 1335 se
519 1299 754 1344 disposuerat
783 1309 859 1334 non

78 1348 280 1393 facturum,
303 1347 393 1392 quia
421 1357 497 1381 non
537 1350 619 1381 erat
655 1346 789 1382 decens
824 1349 861 1382 et

81 1404 290 1441 congruum
312 1394 413 1439 quod
433 1394 485 1428 ibi
505 1392 686 1428 miracula
705 1393 857 1436 faceret,

81 1447 117 1479 et
137 1442 254 1478 multa
273 1454 283 1477 .·
305 1441 396 1476 fides
416 1440 517 1476 enim
547 1440 782 1475 credentium
806 1443 860 1475 est

80 1488 274 1527 meritoria
300 1488 346 1524 de
368 1498 549 1534 congruo,
572 1487 672 1533 quod
693 1487 745 1522 eis
767 1487 860 1522 fiant

80 1536 274 1573 miracula„
291 1536 379 1571 Ideo
394 1540 522 1570 autem
539 1534 683 1579 aliquas
703 1535 859 1570 virtutes

81 1585 134 1620 ibi
166 1582 268 1628 fecit,
302 1586 343 1618 ut
374 1582 504 1617 fideles
539 1580 795 1626 confirmaret,
824 1585 860 1616 et

81 1630 252 1667 infideles
296 1629 572 1666 excusationem
617 1628 661 1664 de
708 1633 859 1674 peccato

81 1688 148 1714 suo
170 1688 245 1714 non
266 1677 464 1721 haberent,
486 1677 575 1712 dnm
593 1685 708 1720 opera
728 1675 859 1711 divini-

80 1725 167 1762 tatis
185 1724 223 1760 in
246 1735 289 1759 eo
307 1725 501 1769 viderent3
522 1734 585 1759 nec
603 1724 691 1766 fecit
708 1724 855 1766 mattas,

82 1783 129 1809 ne
149 1771 319 1808 infideles
334 1771 493 1816 amplius
514 1771 800 1814 damnarentur,
821 1770 859 1805 id

81 1823 136 1856 est
151 1820 230 1866 plus
253 1819 489 1864 punirentur,
502 1818 592 1853 dum
609 1817 749 1853 scilicet
768 1828 856 1853 con-

81 1870 307 1904 temnerent.
336 1866 440 1902 Unde
467 1864 520 1901 ait
546 1865 820 1909 chrysostomus
848 1877 858 1900 .-

83 1927 103 1949 α
124 1915 246 1950 Pauca
281 1913 370 1949 fecit
400 1913 526 1959 signa,
563 1922 610 1948 ne
643 1912 812 1948 dicerent
849 1924 856 1949 :

83 1960 204 1998 Hostis
224 1964 281 1997 est
299 1960 420 2001 nobis,
443 1964 479 1995 et
500 1959 667 2005 proprios
687 1959 855 2005 despicit,

83 2008 115 2046 si
147 2008 245 2044 facta
275 2010 397 2043 essent
428 2007 548 2053 signa,
571 2011 607 2042 et
636 2017 702 2042 nos
733 2009 860 2052 utiquc

84 2054 381 2092 credidissemus.
394 2055 548 2099 Propter
561 2054 632 2089 hoc
646 2064 736 2100 ergo
755 2054 855 2097 tecit,

87 2106 126 2138 ut
142 2102 243 2149 quod
263 2112 371 2137 suum
391 2104 447 2137 est
466 2101 641 2146 impleat;
661 2101 725 2136 sed
745 2101 860 2137 conti-

82 2150 180 2194 nuit,
200 2154 240 2185 ut
270 2160 345 2185 non
377 2149 459 2184 illos
490 2148 650 2193 amplius
681 2149 860 2184 condem·

84 2201 148 2233 net
169 2207 178 2233 :
199 2210 218 2229 n
240 2197 320 2232 haec
341 2197 624 2241 Chrysostomus.

131 2247 151 2280 8
170 2245 366 2280 EXEMPLUM
386 2255 488 2280 suini?
510 2244 686 2280 Cnmsrus
707 2255 752 2279 nr:
774 2244 863 2279 Em

84 2302 126 2328 m
146 2292 300 2327 ELISAEO.
326 2312 365 2317 ψ-
387 2291 443 2326 Ad
460 2290 516 2326 sui
534 2294 663 2327 autem
683 2291 861 2327 excusati-

85 2348 211 2384 onem,
236 2348 351 2384 quare
378 2338 455 2383 ipse
475 2337 658 2374 Dominus
683 2338 719 2374 in
740 2339 862 2384 patria

82 2395 163 2430 sua,
191 2386 254 2421 ubi
279 2389 452 2431 acceptus
484 2395 560 2421 non
595 2388 689 2432 erat,
726 2386 861 2420 multas

85 2435 239 2469 virtutes
267 2443 338 2468 non
368 2433 469 2477 fecit,
494 2433 660 2468 ostendit
691 2433 859 2478 exemplo

83 2480 174 2518 Eliae
208 2482 245 2516 et
276 2480 413 2524 Elisaei,
437 2480 536 2526 quod
565 2479 738 2516 similiter
770 2481 860 2515 Pro-

86 2527 210 2573 phetae
222 2530 367 2562 veteres
384 2528 423 2562 in
437 2527 572 2573 majori
588 2527 734 2563 honore
749 2526 860 2563 habe-

85 2575 225 2612 bantur
256 2573 354 2619 apud
387 2577 595 2619 extraneos,
619 2584 732 2620 quam
762 2574 861 2619 apud

86 2621 334 2666 domesticos3
361 2625 398 2656 et
423 2621 524 2668 quod
548 2622 656 2668 plura
681 2621 862 2658 miracula

86 2668 275 2705 faciebant
305 2669 403 2714 apud
435 2667 592 2714 alienos,
617 2678 730 2715 quam
762 2668 861 2715 apud

87 2725 187 2752 suos,
197 2716 296 2751 Elias
308 2716 409 2752 enim
420 2726 442 2752 a
454 2716 592 2752 Judaeis
605 2716 862 2762 expellebatur

87 2765 125 2799 et
143 2763 474 2814 contemnebatur3
494 2773 516 2800 a
534 2763 717 2800 Gentibus
736 2766 862 2799 autem

89 2812 128 2846 et
157 2808 289 2845 alienis
310 2809 561 2855 recipiebatur
589 2814 627 2847 et
652 2810 864 2846 honoraba-

929 261 1004 303 tur,
1027 259 1064 293 et
1082 254 1135 291 ibi
1155 253 1338 290 miracula
1359 253 1600 298 operabatur.
1618 253 1705 289 Mis-

928 315 1004 350 sus,
1023 303 1137 346 enim,
1150 302 1200 338 ad
1210 301 1361 337 viduam
1374 302 1414 336 in
1425 302 1594 346 Sarepta,
1610 300 1702 336 urbe

931 352 1093 389 Sidoniae
1110 349 1327 396 provinciae,
1339 352 1509 393 receptus
1524 352 1577 384 est
1591 348 1709 384 hono-

929 399 1050 443 rifice,
1067 398 1195 444 ibique
1210 397 1283 432 duo
1300 396 1481 432 miracula
1494 396 1600 431 fecit:
1621 395 1706 440 quia

929 447 1051 483 farina
1070 449 1107 482 et
1127 445 1251 480 oleum
1270 454 1346 479 non
1365 442 1513 487 defecit,
1529 446 1566 478 et
1586 442 1705 478 silium

930 495 1052 531 viduae
1072 496 1277 532 mortuum,
1299 491 1441 526 scilicet
1459 490 1591 526 Jonam
1619 491 1709 525 Pro-

931 543 1096 588 phetam,
1106 539 1310 576 suscitavit.
1326 539 1409 574 Non
1425 548 1515 583 ergo
1529 539 1568 572 in
1580 537 1707 582 Israel,

931 588 995 626 ubi
1017 590 1140 625 multae
1163 587 1282 623 viduae
1307 588 1425 629 erant,
1447 585 1513 620 sed
1539 583 1578 620 in
1611 584 1713 620 Sido-

930 638 1008 681 nia,
1023 635 1250 682 operabatur
1265 633 1469 669 miracula:
1488 631 1577 677 quia
1590 631 1711 667 viduze

932 685 1045 720 Israel
1060 694 1137 719 non
1157 685 1266 719 erant
1285 681 1338 717 ita
1355 680 1515 719 devotae,
1531 679 1628 713 sieut
1648 678 1710 713 illa

932 731 1067 767 mulier
1082 732 1308 776 Sareptana;
1328 731 1364 764 et
1377 728 1466 774 quia
1480 725 1577 761 Elias
1593 736 1714 771 persc-

932 779 1122 814 cutionem
1147 777 1361 823 patiebatur
1387 777 1426 811 in
1451 777 1555 811 terra
1581 773 1708 816 lsrael,

933 836 1016 872 quse
1036 823 1224 860 debuisset
1247 824 1317 859 sibi
1342 832 1420 858 esse
1439 825 1547 869 grata
1566 824 1603 857 et
1625 830 1709 866 gra-

932 875 1038 910 tiosa.
1067 871 1225 917 Sarepta
1256 870 1346 906 urbs
1378 869 1542 906 Sidoniae
1571 870 1640 908 est,
1674 868 1709 902 in

932 921 1057 956 littore
1080 920 1196 954 maris
1216 917 1300 963 sita,
1323 921 1408 954 ante
1438 917 1543 961 cujus
1564 917 1708 961 portam

933 967 1142 1004 ostenditur
1174 967 1276 1001 locus
1311 964 1374 1001 ubi
1406 964 1503 1000 Elias
1532 962 1634 998 venit
1665 962 1712 997 ad

933 1016 1084 1051 viduam
1120 1014 1289 1059 ejusdem
1323 1012 1445 1056 urbis3
1480 1010 1615 1046 deinde
1655 1012 1710 1044 est

934 1063 1109 1109 quaedam
1128 1061 1284 1105 capella,
1300 1060 1360 1095 ubi
1376 1063 1456 1095 erat
1478 1057 1711 1093 coenaculum

934 1110 1068 1155 inquo
1096 1108 1251 1154 quievit,
1281 1112 1318 1142 et
1348 1107 1410 1142 ubi
1441 1106 1560 1141 filium
1592 1105 1714 1139 viduae

933 1156 1138 1192 suscitavit.
1160 1155 1283 1198 Quare
1297 1159 1423 1189 autem
1439 1153 1608 1187 oratione
1623 1151 1712 1186 Eliae

933 1205 1098 1240 clausam
1131 1207 1183 1238 est
1212 1203 1350 1243 effluam,
1382 1205 1415 1236 et
1448 1201 1550 1244 facta
1580 1200 1710 1242 fames,

934 1252 1098 1287 ostendit
1122 1251 1298 1290 Basilius,
1323 1247 1448 1283 dicens
1473 1262 1480 1283 z
1505 1259 1523 1280 «
1548 1247 1594 1282 Ut
1612 1245 1711 1281 enim

933 1299 1076 1345 aspexit
1110 1309 1153 1333 ex
1185 1298 1380 1333 saturitate
1414 1305 1489 1330 non
1521 1294 1710 1329 modicum

934 1346 1108 1392 generari
1127 1344 1193 1381 Dei
1215 1344 1475 1390 opprobrium,
1495 1352 1559 1387 per
1573 1340 1710 1376 famem

935 1394 1007 1428 illis
1041 1394 1228 1439 jejunium
1264 1390 1408 1435 attulit,
1448 1400 1521 1436 quo
1563 1389 1710 1433 culpam

934 1441 1098 1484 illorum,
1111 1450 1194 1485 quae
1210 1440 1248 1474 in
1264 1438 1489 1474 immensum
1504 1436 1706 1477 crescebat,

933 1486 1151 1523 cohibuit.»
1176 1487 1254 1522 Non
1280 1496 1369 1531 ergo
1402 1495 1500 1520 nunc
1524 1485 1710 1518 mirentur

934 1533 1118 1579 homines,
1138 1532 1168 1568 si
1190 1538 1343 1578 propter
1368 1541 1499 1567 eorum
1518 1529 1710 1565 lasciviam

933 1582 999 1617 fiat
1031 1581 1158 1617 sames.
1191 1580 1344 1615 Elisaeus
1374 1580 1488 1614 etiam
1519 1588 1540 1613 a
1566 1577 1708 1614 Judaeis

934 1627 1077 1664 derisus
1111 1631 1148 1663 et
1180 1630 1436 1672 contemptus,
1467 1636 1490 1661 a
1538 1625 1705 1661 Naaman

935 1678 1025 1722 Syro
1056 1676 1188 1711 devote
1223 1679 1279 1710 est
1310 1674 1500 1720 questus,
1536 1681 1648 1717 quein
1683 1682 1704 1706 a

934 1724 1037 1769 lepra
1063 1733 1130 1758 sua
1157 1721 1299 1758 curavit
1321 1733 1328 1757 :
1352 1721 1440 1767 quia
1470 1720 1707 1755 devotionem

934 1771 1012 1816 ejus
1044 1770 1220 1816 agnovit,
1255 1768 1319 1814 qui
1356 1772 1442 1804 ante
1474 1767 1707 1802 curationem

935 1818 1054 1853 bonus
1075 1817 1161 1860 t'uit;
1184 1817 1272 1862 quia
1290 1826 1355 1862 per
1372 1816 1478 1851 illum
1496 1815 1592 1849 Deus
1612 1812 1707 1848 salu-

932 1868 1009 1900 tem
1039 1864 1154 1911 Syriae
1176 1864 1291 1909 dedit,
1310 1867 1347 1899 et
1375 1866 1457 1908 post
1477 1861 1709 1896 curationem

933 1913 1055 1948 adhuc
1081 1912 1215 1947 melior
1234 1921 1278 1947 ac
1299 1910 1406 1946 valde
1428 1913 1555 1956 gratus
1580 1909 1652 1943 Deo
1677 1910 1713 1942 et

935 1960 1066 1995 Elisaeo
1085 1959 1167 1995 fuit.
1188 1959 1340 1995 Curavit
1366 1968 1455 2003 ergo
1481 1956 1648 1991 alienum
1676 1957 1712 1990 et

934 2007 1119 2043 Gentilem
1131 2017 1140 2051 ;
1161 2006 1225 2042 sed
1242 2016 1318 2041 non
1331 2006 1502 2041 concives
1515 2007 1552 2038 et
1566 2012 1713 2038 consor-

934 2058 1004 2098 tes,
1021 2058 1172 2099 propter
1182 2063 1314 2089 eorum
1328 2063 1417 2098 erga
1432 2053 1549 2087 Deum
1562 2048 1715 2095 ingrati-

934 2101 1117 2145 tudinem,
1137 2101 1226 2146 quia
1244 2110 1404 2146 regnum
1421 2098 1533 2134 Israel
1548 2096 1712 2133 declina—

934 2152 1040 2184 verat
1053 2148 1100 2184 ad
1118 2148 1383 2191 idololatriam,
1400 2145 1554 2182 colendo
1572 2142 1714 2180 scilicet

935 2195 1070 2231 vitulos
1087 2205 1222 2231 aureos
1235 2205 1326 2241 quos
1342 2194 1483 2230 fecerat
1496 2192 1710 2228 Jeroboam.

936 2243 974 2279 Si
988 2253 1078 2289 ergo
1094 2242 1156 2278 isti
1174 2241 1411 2278 famosissimi
1427 2240 1624 2285 Prophetae
1636 2247 1712 2273 non

934 2290 1085 2325 fuerunt
1099 2289 1241 2334 accepti
1257 2288 1514 2334 compatriotis
1530 2286 1619 2328 suis,
1637 2295 1711 2320 non

934 2339 1087 2382 propter
1102 2346 1222 2381 suam,
1237 2336 1301 2372 sed
1322 2339 1473 2382 propter
1487 2333 1711 2379 compatrio-

933 2388 1059 2420 tarum
1091 2383 1274 2420 malitiam
1303 2387 1340 2419 et
1368 2381 1566 2425 invidiam3
1597 2380 1713 2415 inulto

933 2432 1064 2467 t'ortius
1081 2441 1149 2467 nec
1168 2431 1331 2466 minores
1349 2430 1545 2475 Prophetae
1559 2427 1712 2463 suerunt

933 2477 1077 2524 accepti
1106 2477 1146 2514 in
1174 2478 1293 2524 patria
1319 2488 1398 2514 sua.
1427 2478 1479 2512 Ex
1506 2486 1580 2521 quo
1608 2476 1708 2520 patet

933 2535 1064 2561 verum
1084 2535 1162 2561 esse
1179 2526 1279 2571 quod
1300 2524 1443 2560 dixerat
1464 2538 1472 2560 ι
1495 2524 1589 2567 Quia
1609 2530 1710 2557 nemo

934 2572 1116 2619 Propheta
1132 2575 1298 2618 acceptus
1316 2575 1368 2608 est
1388 2573 1427 2607 in
1438 2571 1567 2617 patria
1581 2579 1663 2604 sua.

981 2635 1002 2667 9
1025 2621 1167 2656 Mummi
1193 2621 1405 2657 SAREPTANA
1426 2630 1468 2654 ET
1494 2619 1645 2653 NAAMAN
1673 2624 1709 2650 m

934 2678 1044 2703 seusu
1083 2678 1229 2704 MORALI.
1273 2687 1313 2693 -
1349 2666 1539 2703 Moraliter
1567 2666 1705 2705 autem,

933 2714 1060 2756 vidua,
1082 2715 1127 2751 de
1157 2724 1231 2761 qua
1261 2713 1402 2750 dictum
1430 2715 1499 2756 est,
1523 2709 1708 2756 significat

936 2762 1102 2798 animam
1117 2761 1378 2808 peccatricem,
1396 2770 1481 2807 quae
1496 2759 1638 2804 privata
1653 2758 1708 2790 est

935 2809 1166 2855 amplexibus
1189 2809 1315 2854 sponsi
1334 2808 1391 2845 sui
1417 2806 1572 2850 Christi;
1596 2802 1710 2840 modo
