1894 3186
676 178 726 212 ET
762 177 1053 212 NUMERORUM.

89 250 110 284 6
131 246 387 291 Quaerentium
420 247 622 284 Dominum
661 247 727 284 in—
919 260 958 285 10
981 249 1131 293 Septem
1154 248 1248 284 I'csta
1266 248 1403 284 cordis.

109 295 229 331 tentio
256 294 417 330 diversa.
777 299 844 342 276
918 310 953 332 ιι
979 294 1148 332 Christus
1169 298 1205 330 ct
1237 295 1397 341 Spiritus
1418 295 1577 331 Sanctus

87 358 107 389 7
130 343 247 385 Quam
269 341 480 378 communis
503 341 700 378 detractio,
779 347 845 390 276
960 344 1100 378 flumen
1122 353 1228 388 aquae
1248 343 1352 379 vivan

89 393 109 426 8
130 390 197 426 Die
225 390 319 426 sesto
358 389 549 425 mediante
567 417 575 433 ‚
616 389 726 426 Chri-
919 403 957 427 12
979 389 1342 426 Ministrisermonvs
1357 388 1502 425 Domini
1517 390 1579 425 ad-

111 440 209 473 stum
231 437 354 483 palam
373 436 590 482 loquentem
605 437 725 474 Judaei
963 437 1145 473 mirantes
1166 441 1419 481 revertuntur,
1443 437 1579 483 ipsum-

110 484 396 530 apprehendere
408 484 554 519 volunt.
780 500 844 532 277
965 496 1037 530 que
1058 485 1225 520 defendit
1244 485 1481 521 Nicodemus.

88 547 109 579 9
129 532 348 575 Quaerentes
372 535 408 567 et
428 542 503 568 non
530 531 729 569 invenien-
922 535 962 569 15
984 532 1223 569 Consuetudo
1261 531 1399 568 Christi
1440 532 1477 568 in
1510 533 1581 568 Be-

110 581 168 616 tes
188 579 389 616 Christum.
783 582 850 627 278
968 579 1136 617 thamam
1160 580 1385 617 revertendi.

291 715 440 752 CAPUT
460 715 644 751 LXXXIII.
669 736 714 741 —-
738 717 788 752 De
809 717 960 753 muliere
979 718 1018 753 in
1039 716 1220 752 adulterio
1241 714 1475 761 deprehensa.

96 855 106 876 ι
135 839 229 874 Dum
260 837 441 874 Pharisaei
475 849 604 875 coram
625 840 726 877 Chri·
969 841 1081 884 dicet,
1103 842 1177 878 tria
1199 840 1410 886 disquIrere
1430 841 1554 877 debet.

114 888 171 922 sto
199 885 397 921 mulierem
420 886 630 923 adulteram
666 899 727 924 ac-
946 892 965 925 5
982 888 1355 925 Christusmulierem
1370 888 1581 925 adulteram

112 936 258 977 cusam,
298 933 378 979 ipse
399 932 437 968 in
457 936 560 970 terra
579 935 723 972 scribit.
779 938 846 971 280
970 936 1267 973 miserittorditcr
1287 934 1456 971 dimittit.

82 979 313 1017 2Prudentia
325 981 582 1026 responsionis
592 982 728 1019 Christi
780 986 843 1019 981
946 987 966 1019 6
987 985 1104 1027 Quam
1169 982 1375 1020 ineffabilis
1432 980 1582 1019 bonitas

87 1031 107 1064 5
129 1027 223 1072 Quid
245 1028 382 1064 iterum
404 1032 515 1074 atque
536 1029 673 1066 iterum
691 1030 730 1067 in
970 1031 1129 1068 Christi!

111 1078 213 1111 terra
234 1075 429 1122 scripserit
448 1076 659 1113 Dominus?
780 1081 842 1113 28ι
947 1094 966 1125 7
989 1079 1086 1122 Quid
1108 1079 1303 1115 moraliter
1323 1078 1514 1124 significat
1533 1078 1585 1114 di-

89 1125 110 1166 4
131 1122 304 1168 Quilibet,
326 1126 530 1169 antequam
551 1124 646 1161 alios
664 1125 727 1172 J‘u-
971 1125 1100 1162 missio
1116 1126 1284 1164 mulieris
1305 1126 1515 1163 adulterae?

242 1264 393 1303 CAPUT
414 1266 597 1302 LXXXIV.
619 1288 664 1292 —
683 1269 734 1302 De
754 1267 975 1313 quibusdam
994 1268 1115 1303 verbis
1131 1269 1290 1310 Domini,
1308 1279 1374 1314 pro
1394 1269 1530 1314 quibus

575 1315 745 1351 volebant
780 1326 860 1351 eum
884 1316 1002 1351 Judoez'
1023 1316 1205 1362 lapidare.

98 1455 110 1476 ι
139 1438 305 1476 Christus
340 1439 402 1475 lux
435 1442 491 1476 est
527 1438 672 1484 mundi,
694 1442 730 1475 et
945 1456 963 1487 7
986 1439 1082 1476 Male
1106 1438 1328 1475 affectorum
1347 1448 1437 1484 erga
1456 1439 1573 1475 Deum

118 1488 200 1522 ideo
227 1487 441 1532 sequendus
461 1489 529 1523 est.
781 1489 846 1531 284
969 1488 1111 1534 gradus
1130 1486 1278 1533 triplex.

93 1548 109 1571 2
134 1533 318 1579 Cognosci
337 1533 458 1570 noluit
484 1534 670 1579 Christus,
689 1537 731 1570 ut
946 1538 966 1571 8
988 1534 1083 1579 Quid
1129 1533 1369 1580 responderit
1415 1533 1585 1570 Christus

116 1580 415 1627 crucifigeretur.
782 1585 848 1619 285
968 1582 1110 1619 Judaeis
1123 1593 1209 1618 eum
1225 1581 1445 1617 vocantibus
1458 1582 1584 1617 Sama-

91 1633 110 1665 5
132 1628 280 1665 Veritas
316 1629 453 1665 liberat
489 1639 511 1664 a
551 1627 732 1666 servitute
969 1630 1135 1666 ritanum
1155 1632 1192 1665 et
1212 1628 1513 1665 daemoniacum?

113 1677 270 1722 peccati,
296 1686 370 1722 qua
392 1686 468 1711 non
487 1678 544 1712 est
564 1676 710 1712 durior.
782 1679 848 1713 286
947 1694 967 1725 9
987 1676 1153 1713 Gloriam
1175 1687 1281 1713 suam
1314 1687 1391 1712 non
1412 1674 1585 1722 quaesivit

89 1728 111 1768 4
128 1723 250 1760 Judaei
288 1734 365 1759 non
398 1723 596 1760 imitantes
630 1724 730 1760 sacta
970 1724 1167 1760 Dominus.

113 1771 290 1816 Abrahae,
310 1781 380 1807 nec
399 1770 519 1818 ipsius
540 1774 649 1807 erant
671 1782 731 1808 ve·
927 1787 968 1809 10
990 1771 1129 1808 Christi
1154 1771 1254 1808 diem
1279 1771 1471 1808 Abraham
1494 1770 1589 1807 vidit

114 1829 155 1854 re
178 1818 259 1854 filii.
783 1822 847 1867 287
973 1822 1010 1855 et
1030 1820 1180 1865 gavisus
1200 1822 1269 1855 est.

92 1868 112 1902 5
130 1865 301 1903 Christus
337 1877 402 1902 eos
443 1866 609 1903 ostendit
650 1877 732 1903 esse
930 1882 967 1903 ιι
992 1866 1438 1913 Judaeilapidibus‚quos
1452 1866 1592 1902 tollunt

116 1912 216 1949 filios
237 1912 393 1951 diaboli.
784 1917 849 1961 287
966 1914 1157 1960 utJ'aciant
1170 1915 1208 1949 in
1221 1913 1588 1957 Christum,similes.

95 1963 116 1997 6
137 1960 292 2006 Signum
325 1972 368 1997 ex
395 1971 468 2006 quo
494 1961 734 2007 cognoscitur
930 1975 970 1998 12
990 1961 1086 2004 Quid
1106 1972 1174 1997 nos
1194 1961 1328 1997 doceat
1346 1961 1435 2007 fuga
1449 1964 1486 1997 et
1499 1961 1588 1998 abs-

119 2007 183 2055 qui
203 2018 247 2045 ex
266 2009 343 2046 Deo
365 2011 436 2054 est,
454 2008 514 2045 vel
532 2019 622 2045 non.
784 2010 851 2044 288
971 2009 1101 2045 consio
1128 2008 1297 2046 Christi?

339 2153 488 2191 CAPUT
509 2153 679 2192 LXXXV.
700 2173 743 2181 -
761 2155 812 2190 De
833 2164 919 2191 caeco
939 2164 962 2190 a
984 2154 1181 2190 nativitate
1197 2154 1422 2190 illuminate.

98 2294 109 2316 1
134 2279 253 2316 Causa
281 2277 461 2315 caecitatis
501 2278 541 2314 in
576 2278 730 2314 homine
946 2280 965 2314 5
986 2279 1189 2315 Peccatum
1225 2277 1505 2314 Pharisaeorum
1540 2289 1585 2315 eo

114 2325 328 2362 illuminato
348 2336 424 2361 non
443 2325 512 2362 fuit
532 2331 730 2372 peccatum
967 2326 1091 2372 majus
1113 2325 1213 2371 quod
1229 2325 1400 2362 videntes
1416 2336 1492 2362 non
1507 2336 1588 2363 cre-

114 2373 231 2419 ipsius
252 2376 316 2409 aut
330 2376 545 2419 parentum,
564 2372 630 2409 sed
650 2383 730 2409 ma-
968 2373 1162 2409 diderunt.

114 2419 306 2456 nifestatio
322 2419 453 2467 gloriae
479 2419 556 2455 Dei.
781 2422 847 2467 295
944 2423 964 2456 6
984 2420 1050 2456 Hie
1086 2430 1206 2456 caecus
1264 2418 1422 2465 mystice
1465 2430 1586 2466 genus

95 2481 113 2504 2
133 2468 326 2510 Quomodo
340 2466 592 2514 ipsiChristus
604 2466 724 2502 visum
966 2468 1174 2504 humanum
1196 2465 1398 2513 signiticat.

113 2514 302 2551 contulit?
778 2519 845 2562 294
943 2530 962 2561 7
980 2516 1070 2551 Tres
1140 2513 1322 2551 caecitatis
1375 2514 1584 2560 spiritualis

89 2566 110 2600 5
128 2562 314 2598 Constans
334 2560 503 2597 veritatis
515 2571 638 2609 praeco
654 2559 724 2597 fuit
967 2572 1102 2607 causae,
1124 2563 1274 2608 triaque
1296 2561 1513 2598 necessaria
1533 2562 1580 2597 ad

114 2619 234 2646 caecus
248 2609 494 2645 illuminatus.
780 2612 845 2656 295
965 2608 1069 2646 illam
1087 2610 1363 2656 depellendam.

92 2660 114 2700 4
132 2655 359 2703 Recipiendo
398 2656 513 2694 fidem
552 2659 589 2694 et
626 2655 729 2693 intus
943 2659 963 2692 8
981 2656 1198 2694 Exhortatio
1212 2658 1259 2695 ad
1279 2658 1374 2694 bene
1389 2654 1575 2693 utendum

118 2703 352 2742 illuminatus
375 2703 456 2740 fuit.
781 2707 846 2750 295
968 2706 1152 2752 tempore.

1636 177 1695 211 355

1626 251 1693 294 278

1628 346 1695 389 278

1631 499 1697 532 279

1634 583 1700 617 280

1635 1033 1700 1066 285

1637 1128 1703 1168 284

1636 1489 1702 1534 289

1637 1632 1703 1677 289

1636 1737 1705 1771 290

1644 1832 1707 1866 291

1643 1926 1709 1961 292

1639 2022 1704 2056 292

1639 2377 1704 2421 296

1639 2481 1703 2514 297

1639 2622 1703 2655 297

1638 2705 1702 2749 298
