1894 3186
153 194 213 230 314
568 198 716 233 PRIMAE
753 199 904 234 PARTIS
944 200 1080 234 CAPUT
1119 202 1339 238 LXXXVIII

146 265 371 310 tentatibus,
394 269 458 303 aut
478 266 729 322 locutionibus
754 270 813 306 vel
834 270 1023 317 0110110115,
1047 271 1154 317 quasi
1171 271 1357 318 lapidibus
1378 277 1414 311 te
1434 285 1456 311 a
1478 286 1536 312 me
1565 276 1772 323 expellam;

156 313 221 349 sed
237 324 386 360 semper
410 318 446 351 te
466 325 534 362 per
549 320 712 363 gratiam
728 317 769 355 in
790 329 850 354 me
866 317 1038 354 habitare
1059 318 1234 356 sentiam.
1254 321 1386 358 Amen.

729 534 912 582 CAPUT
945 536 1208 585 LXXXVIII

414 669 463 697 DE
487 669 792 699 TRADITIONIBUS
823 670 1122 709 PHARISAEORUM,
1146 672 1273 701 ETIAM
1290 672 1446 701 CONTRA
1459 674 1525 702 DEI

842 736 1084 766 MANDATUM.

602 822 768 860 Matthaei
790 834 871 872 cap.
891 825 952 862 XV
972 826 1009 861 et
1035 825 1149 863 Marci
1171 836 1251 873 cap.
1274 827 1353 864 VII.

201 945 212 966 1
251 931 353 966 Vim
388 931 653 966 Pammenem
685 942 922 975 REDARGUTIO,

149 990 190 1013 ET
213 989 273 1017 001
288 990 365 1013 SINT
380 990 467 1013 1Ρ515
488 989 638 1015 51101115.
659 998 703 1004 ———
723 978 817 1021 Quia
835 990 923 1014 vero

150 1025 302 1069 Scribere,
330 1026 393 1070 (1111
414 1026 595 1070 putabant
617 1036 656 1061 se
677 1026 817 1069 habere
843 1037 924 1072 per·

151 1072 351 1108 sectionem
379 1072 556 1115 scientiae‚
583 1076 619 1109 et
644 1072 839 1117 PliarisaeI‚
862 1073 924 1119 qni

154 1120 383 1156 simulabant
413 1131 452 1156 se
488 1121 628 1156 habere
654 1120 927 1166 perfectionem

152 1167 253 1211 vitre,
276 1166 475 1203 Dominum
496 1169 623 1204 Jesum
645 1167 839 1214 intemplo
866 1179 925 1203 re-

150 1215 384 1261 prehendere
412 1226 487 1250 non
523 1218 738 1261 potuerunt,
771 1216 924 1251 venien-

151 1265 206 1298 tes
224 1263 270 1298 ab
292 1262 536 1307 Jerosolymis
568 1262 605 1298 in
626 1262 818 1298 Galilaeam
840 1273 925 1298 eum

146 1307 410 1354 insequuntur.
442 1311 483 1345 In
516 1320 590 1355 quo
623 1310 738 1345 nimia
770 1312 926 1355 apparet

151 1356 297 1392 malitia
317 1356 562 1402 eorum,quia
585 1357 857 1392 descendentes
879 1358 924 1393 ab

148 1403 357 1440 Jerusalem
378 1403 526 1440 civitate
549 1407 692 1446 sancta,
713 1404 928 1449 relinquen-

151 1453 206 1486 tes
230 1451 426 1496 templum,
466 1452 721 1496 sequebantur
753 1462 866 1495 enm;
890 1454 927 1486 et

149 1497 237 1543 quia
259 1499 426 1533 seniores
447 1497 575 1544 populi
597 1502 633 1534 et
660 1497 767 1543 Legis
798 1499 925 1533 docto-

149 1556 209 1581 res
231 1548 353 1588 erant,
373 1548 409 1580 et
433 1556 507 1581 non
542 1545 586 1581 ad
619 1546 829 1589 sciendum,
862 1545 927 1581 sed

149 1593 196 1628 ad
217 1592 571 1639 reprehendendum
597 1592 794 1628 Dominum
817 1603 928 1628 vene-

153 1643 252 1685 rant,
283 1640 518 1676 observando
548 1643 585 1676 et
625 1639 855 1684 insidiando,
886 1642 929 1676 ut

150 1697 235 1723 eum
262 1690 441 1733 caperent
468 1688 505 1722 in
526 1698 698 1723 sermone
721 1687 778 1723 vel
813 1687 923 1722 sacto.

151 1734 271 1774 Unde,
301 1739 340 1769 ut
364 1734 497 1770 saltem
523 1745 567 1770 ex
594 1733 787 1781 discipulis
811 1735 926 1779 Magi-

148 1784 282 1825 strum,
311 1786 502 1827 tamquam
533 1784 829 1828 contemptorem
852 1783 927 1817 do-

147 1829 277 1864 ctrinae
298 1829 487 1864 seniorum
509 1832 681 1873 arguant,
709 1832 745 1864 et
769 1829 820 1864 sic
841 1839 927 1865 eum

149 1876 289 1922 populo
311 1875 480 1911 odiosum
494 1876 665 1919 reddant,
683 1876 852 1912 videntes
876 1875 929 1911 di-

152 1922 316 1968 scipulos
349 1923 430 1968 ejus
471 1922 685 1958 communia
706 1923 927 1966 Gentilibus,

149 1981 225 2005 non
251 1969 336 2006 lotis
357 1969 540 2011 manibus,
571 1971 816 2014 manducare3
840 1972 927 2016 quia

148 2016 268 2054 Judaei
284 2016 499 2052 communia
513 2016 719 2053 Gentilibus
735 2017 930 2053 immunda

151 2065 390 2110 reputabant,
411 2068 494 2100 tunc
515 2068 741 2100 accesserunt
773 2066 822 2100 ad
849 2076 929 2100 eum

151 2112 308 2146 dicentes
331 2124 340 2146 :
375 2112 492 2154 Quare
521 2112 699 2157 discipuli
717 2113 774 2147 tui
800 2115 927 2147 trans-

152 2159 372 2202 mediantur
385 2159 603 2194 traditiones
622 2160 803 2194 seniorum
814 2162 832 2194 ἶ)
848 2161 928 2196 Non

152 2207 247 2240 enim
268 2207 395 2240 lavant
415 2216 561 2249 manus,
581 2217 660 2242 cum
677 2217 809 2249 panem
830 2217 931 2241 man-

154 2253 302 2287 ducant.
322 2252 388 2288 Ubi
403 2254 527 2288 Beda.-
549 2266 565 2286 «
590 2252 808 2298 Spiritualia
829 2253 929 2288 enim

153 2300 428 2345 Prophetarum
460 2300 575 2336 verba
609 2300 810 2335 carnaliter
832 2299 928 2336 acci-

151 2347 312 2393 pientes,
341 2357 422 2391 qua:
444 2346 497 2381 illi
533 2348 577 2382 de
599 2347 721 2383 cordis
741 2350 778 2382 et
804 2347 929 2393 operis

153 2392 399 2437 castigatione
436 2393 703 2438 praecipiebant
730 2394 927 2430 dicentes:

149 2441 356 2482 Lavamini,
385 2440 512 2474 munda·
533 2443 660 2484 estote3
684 2444 720 2476 et
745 2453 752 2476 ε
775 2442 931 2477 Munda-

151 2488 257 2530 mz'ni‚
281 2486 346 2531 qui
365 2487 474 2529 fertis
504 2497 593 2521 vasa
607 2488 851 2528 Dominz'3isti
884 2488 930 2523 de

153 2534 233 2570 solo
257 2543 416 2578 corpore
437 2532 597 2568 lavando
619 2534 833 2569 servabant.
859 2536 929 2570 Su-

152 2580 370 2627 perstitiosa
386 2589 475 2625 ergo
496 2580 693 2615 hominum
712 2580 864 2616 traditio
883 2581 930 2616 ob

154 2626 460 2663 manducandum
489 2636 625 2672 panem
649 2626 815 2672 praecipit
847 2638 928 2663 cre·

154 2674 261 2710 brius
287 2674 438 2718 lavare;
485 2673 551 2709 sed
586 2674 836 2710 necessarium
876 2678 931 2709 est

152 2732 216 2757 eos
231 2721 292 2766 qui
310 2731 446 2767 panem
466 2721 512 2756 de
528 2720 621 2756 coelo
641 2721 931 2757 descendentem

150 2768 379 2814 participare
415 2768 647 2812 desiderant,
673 2769 804 2804 crebro
830 2768 930 2804 elee-

158 2816 337 2862 mosynis,
362 2815 550 2862 lacrymis,
586 2818 622 2851 et
663 2814 746 2852 aliis
772 2815 931 2861 justitiae

999 932 1182 969 fructibus
1213 943 1282 969 sua
1309 943 1424 979 opera
1444 943 1633 980 purgare:
1658 945 1677 967 »
1696 933 1780 969 haec

996 981 1108 1015 Beda.
1138 979 1197 1015 lsti
1239 983 1376 1026 gerunt
1401 986 1529 1026 typum
1555 991 1686 1016 eorum
1713 980 1778 1026 qui

1001 1027 1082 1071 plus
1103 1027 1223 1063 zelant
1240 1028 1579 1074 transgressionem
1601 1028 1780 1063 humana-

1000 1074 1782 1121 rumtraditionumquamdivinorumprae-

1000 1125 1209 1167 ceptorum,
1237 1124 1319 1169 plus
1364 1122 1609 1159 decretalium
1668 1132 1781 1168 quam

1000 1169 1304 1214 Evangeliorum,
1340 1171 1424 1216 plus
1461 1169 1780 1206 consuetudinum

1001 1227 1112 1261 quam
1133 1216 1345 1253 utilitatum.
1360 1218 1431 1252 Per
1449 1217 1539 1252 istos
1559 1216 1672 1253 etiam
1688 1216 1780 1252 mul-

1000 1268 1079 1298 tum
1104 1263 1283 1300 sollicitos
1308 1265 1352 1300 de
1386 1263 1571 1300 munditia
1603 1261 1778 1299 exteriori

1001 1315 1037 1346 et
1066 1311 1254 1347 modicum
1289 1311 1334 1347 de
1370 1311 1552 1352 intertori,
1583 1311 1781 1356 signantur

1000 1357 1205 1403 hypocritae
1227 1358 1468 1403 etsiinulati3
1494 1361 1697 1403 arguentes
1715 1357 1782 1392 ali-

1001 1415 1042 1440 os
1063 1405 1108 1440 de
1128 1405 1288 1449 levibus,
1310 1416 1394 1441 cum
1411 1410 1537 1442 tamen
1555 1405 1630 1441 sint
1648 1404 1775 1440 insecti

1000 1453 1191 1497 gravibus,
1214 1452 1381 1488 videntes
1402 1453 1583 1488 festucam
1611 1452 1652 1488 in
1683 1452 1778 1488 alte-

1001 1498 1079 1535 rius
1115 1500 1236 1543 oculo,
1260 1503 1296 1535 et
1332 1510 1408 1536 non
1443 1500 1591 1535 trabem
1617 1498 1657 1535 in
1693 1509 1775 1535 suo.

1002 1545 1065 1581 His
1097 1556 1246 1592 quoque
1289 1545 1430 1583 similes
1465 1549 1550 1582 sunt
1570 1545 1689 1592 multi,
1714 1544 1777 1591 qui

1001 1593 1131 1628 volunt
1162 1594 1302 1630 habere
1325 1593 1510 1630 exteriora
1529 1594 1698 1640 pulchra,
1717 1592 1776 1628 in-

1002 1641 1141 1676 teriora
1166 1644 1293 1677 autem
1320 1642 1460 1677 habent
1493 1640 1636 1677 foetida.
1660 1639 1778 1677 Disci-

999 1687 1075 1733 puli
1111 1692 1238 1724 antem
1270 1688 1417 1725 Domini
1438 1687 1610 1724 instructi
1631 1698 1675 1724 ea
1696 1697 1781 1734 quoe

1002 1734 1147 1771 virtutis
1167 1738 1313 1771 tantum
1337 1738 1423 1772 suut
1443 1735 1605 1781 operari,
1627 1746 1703 1771 non
1724 1735 1778 1770 lo-

1001 1781 1048 1817 tis
1067 1782 1241 1818 manibus
1269 1783 1558 1827 manducabant,
1591 1782 1679 1828 quia
1709 1782 1780 1818 hoc

1001 1840 1075 1865 non
1097 1829 1288 1875 pertinere
1314 1831 1362 1866 ad
1389 1830 1587 1866 veritatem
1614 1831 1698 1864 vitae
1718 1828 1778 1865 in·-

1001 1877 1234 1921 telligebant.
1249 1878 1355 1913 Unde
1370 1876 1459 1912 dicit
1476 1878 1751 1921 chrysostomus
1768 1887 1776 1912 ;

1004 1938 1021 1956 «
1046 1924 1133 1959 Ideo
1154 1928 1281 1960 autem
1303 1923 1476 1970 discipuli
1501 1934 1576 1960 non
1594 1923 1681 1959 lotis
1699 1933 1780 1958 ma-

1003 1970 1113 2007 nibus
1136 1971 1428 2014 manducabant,
1447 1970 1536 2017 quia
1551 1971 1631 2017 Jam
1652 1981 1782 2016 super-

1002 2019 1077 2054 ssua
1098 2018 1367 2063 despiciebant,
1389 2029 1433 2054 ea
1452 2019 1575 2054 solum
1591 2029 1673 2063 quae
1695 2020 1781 2053 sunt

1004 2065 1215 2101 necessaria
1234 2065 1474 2101 attendentes
1497 2077 1505 2110 ;
1527 2068 1565 2101 et
1584 2075 1708 2110 neque
1729 2065 1780 2100 la-

1003 2112 1082 2148 vari
1106 2123 1231 2157 neque
1259 2124 1335 2149 non
1354 2112 1471 2148 lavari
1504 2123 1572 2158 pro
1595 2113 1676 2158 lege
1709 2112 1776 2147 ha-

1002 2160 1224 2203 bentes‚sed
1244 2162 1283 2195 ut
1307 2159 1779 2205 contingebatalterutrum

1001 2206 1195 2242 facientes.
1223 2206 1290 2248 Qui
1314 2206 1416 2242 enim
1437 2212 1476 2241 et
1497 2208 1619 2251 ipsum
1646 2215 1777 2240 neces-

1002 2253 1142 2289 sarium
1164 2253 1289 2288 cibum
1325 2254 1631 2296 contemnebant,
1657 2251 1779 2297 quali-

1001 2304 1058 2336 ter
1078 2300 1177 2336 circa
1211 2301 1280 2335 hoc
1319 2299 1487 2337 studium
1526 2299 1736 2335 baberent?
1756 2312 1774 2331 »

1002 2349 1045 2383 Et
1064 2347 1151 2393 quia
1170 2348 1251 2382 haec
1282 2346 1451 2391 traditio,
1477 2346 1618 2382 scilicet
1643 2347 1777 2391 J'ubere

1002 2405 1134 2429 manus
1156 2394 1286 2438 lavari,
1304 2405 1379 2429 non
1402 2397 1483 2429 erat
1503 2394 1694 2430 contraria
1714 2394 1779 2429 Le-

1002 2441 1062 2487 gi3
1092 2441 1175 2476 ideo
1198 2440 1375 2476 Dominus
1395 2441 1508 2476 aliam
1537 2440 1777 2476 traditionem

1003 2487 1090 2533 Legi
1107 2487 1336 2523 contrariam
1352 2487 1453 2523 ducit
1473 2487 1510 2522 in
1533 2486 1718 2529 medium;
1743 2488 1780 2522 et

1003 2534 1109 2580 quasi
1136 2535 1282 2570 clavum
1310 2534 1412 2569 clavo
1440 2534 1660 2578 retundens,
1688 2532 1779 2569 dicit

1003 2592 1067 2616 eos
1084 2581 1260 2623 deficere,
1275 2580 1361 2625 quia
1385 2580 1570 2616 faciebant
1586 2584 1778 2626 transgre-

1003 2627 1040 2663 di
1060 2628 1276 2663 mandatuin
1294 2627 1440 2662 Domini
1461 2630 1615 2674 propter
1626 2626 1778 2662 manda-

1004 2679 1082 2710 tum
1098 2674 1310 2709 hominum:
1329 2674 1429 2719 quod
1452 2686 1527 2709 non
1549 2677 1629 2710 erat
1642 2673 1779 2709 sacien-

1004 2722 1107 2765 dnm‚
1129 2720 1216 2766 quia
1238 2721 1444 2756 secundum
1465 2722 1705 2765 Bernardum,
1723 2719 1778 2755 ni-

1004 2768 1055 2804 hil
1070 2770 1189 2814 placet
1209 2769 1284 2803 Deo
1302 2768 1562 2814 quodcumque
1581 2767 1615 2804 ei
1634 2767 1776 2804 obtule-

1004 2815 1071 2861 ris,
1097 2815 1267 2862 neglecto
1294 2825 1352 2861 00,
1378 2815 1479 2861 quod
1505 2814 1657 2852 teneris.
