1894 3186
445 194 497 228 DE
537 194 875 228 CONSOLATIONE
913 190 1259 228 DISCIPULORUM,
1300 189 1396 222 ETC.

117 263 316 301 tendentes
350 262 497 309 placere
527 262 603 298 Deo
642 264 679 297 et
716 262 897 307 prodesse

113 311 309 360 proximis,
345 310 409 345 sed
433 308 650 345 satisfacere
678 309 894 354 nobisipsis.

938 266 941 328 l

110 361 203 396 Huic
238 359 426 393 contraria
463 356 601 391 caritas
636 360 705 399 est,
729 367 810 401 qua}
841 359 897 391 est
938 388 939 403 ἶ

938 409 939 435 l
972 400 1146 447 paradiso
1166 398 1326 444 positum
1353 398 1398 431 nb
1420 408 1463 433 oa
1487 409 1524 432 re
1544 397 1746 442 probibuit,

938 454 939 465 ¹
973 459 1056 493 quae
1075 458 1146 482 non
1163 449 1243 481 erat
1265 445 1374 480 mala.
1399 446 1483 480 Sola
1506 445 1551 479 ibi
1575 445 1752 481 otiedIen-

112 408 223 444 Deus.
247 405 339 448 Quid
364 403 461 439 enim
484 402 575 443 odit,
595 407 658 438 aut
679 403 766 448 quid
790 403 897 448 punit

115 454 232 496 Deus,
253 456 392 498 praeter
416 451 651 486 voluntatem
673 461 694 495 p
719 451 863 496 opriam
879 451 896 485 ⁶?

113 501 241 538 Cesset
264 499 434 534 voluntas
470 497 636 543 propria,
661 501 697 532 et
726 497 896 533 infernus

111 557 190 584 non
211 545 263 582 eri
273 555 294 581 t.
318 559 335 577 ³>
356 546 400 581 Ut
419 550 543 580 autern
563 544 615 580 ait
630 546 894 588 Hieronymus:

114 607 132 628 «
160 596 321 629 Tantum
351 592 480 627 virtuti
510 591 680 637 adjicies,
713 596 896 636 qnantum

112 641 294 677 voluntati
312 639 473 686 propriae
488 638 734 681 subtraxeris3
754 643 792 674 tu
806 649 895 683 ergo

112 699 191 725 non
212 687 380 723 confidas
399 687 435 721 in
456 685 690 722 orationibus
714 689 747 720 et
770 685 895 731 operi-
937 717 938 720 ,

113 736 184 773 1)ι]5
206 734 363 781 privatis
403 737 617 779 contempto
641 733 818 768 mandato
839 744 898 767 su-

112 781 285 829 perioris.
310 796 326 812 »
348 780 455 824 Quia,
482 784 521 816 ut
540 780 630 816 dicit
648 782 893 824 Auyustinus,

113 829 224 866 citius
245 829 440 864 exauditur
460 838 535 863 una
552 827 672 863 oratio
712 826 896 863 obedien-

113 877 177 921 tis,
199 886 310 921 quam
330 876 456 911 decem
478 874 595 910 millia
612 874 895 920 contemptoris.

114 924 160 960 Et
190 923 290 967 ideo,
316 926 355 958 ut
385 922 471 958 dicit
500 923 720 962 Berndrdus,
755 922 897 967 grande

114 971 257 1007 malum
291 974 346 1006 est
368 969 521 1015 propria
547 969 734 1011 voluntas,
758 979 830 1014 qua
856 968 900 1003 fit
936 978 938 1001 i

115 1017 423 1055 utbonatuatibi
442 1016 897 1058 bonanonsi11t.Quando
937 1046 938 1049 ,

85 1082 87 1084 ·
117 1076 206 1101 vero
228 1064 410 1106 niaeis,et
428 1064 577 1108 quando
601 1063 722 1098 minus
746 1062 898 1097 merito-

117 1112 174 1148 ria
197 1112 244 1147 sit
267 1111 496 1153 obediontia,
520 1110 684 1146 ostendit
706 1111 899 1154 Greyorz'us

117 1159 264 1196 dicens:
291 1174 308 1190 «
333 1158 554 1194 Obedientia
574 1157 791 1203 aliquando,
808 1156 837 1192 si
854 1156 899 1191 dc

118 1217 187 1242 suo
214 1205 355 1251 aliquid
397 1205 547 1249 habeat,
586 1206 689 1240 nulla
725 1207 800 1246 est,
836 1202 902 1238 ali-

119 1253 273 1300 quando
295 1251 480 1295 at1teni,si
501 1252 546 1287 de
572 1263 638 1287 suo
660 1250 801 1296 aliquid
824 1261 901 1285 non

115 1301 267 1344 habeat,

118 1347 249 1384 mundi
289 1357 483 1382 successus
540 1345 769 1392 praecipitnr,
817 1354 901 1379 cum

120 1395 226 1431 locus
256 1394 427 1439 superior
452 1393 679 1439 imperatum
700 1393 731 1427 is
756 1391 818 1437 qui
855 1391 903 1427 ad

121 1441 364 1487 percipienda
391 1441 469 1475 haec
502 1441 642 1484 obedit,
676 1438 902 1475 obedientias
942 1431 944 1472 Ϊ

120 1488 191 1524 sibi
236 1488 410 1523 virtutem
453 1491 623 1527 evacuat,
668 1486 697 1521 si
738 1487 783 1521 ad
822 1486 903 1520 haec
944 1516 945 1536 ξ

121 1536 236 1572 etiam
272 1545 314 1570 ex
341 1533 490 1579 proprio
516 1533 703 1569 desiderio
724 1532 900 1567 anhelat:

119 1592 242 1628 neque
267 1581 365 1616 enim
402 1590 441 1615 se
474 1581 541 1615 sub
566 1579 783 1615 obedientia
810 1577 902 1612 ‹tiri-

119 1629 186 1675 git,
208 1627 270 1673 qui
292 1628 337 1662 ad
361 1626 601 1672 percipienda
633 1626 743 1672 hujus
774 1623 903 1660 mundi

117 1685 301 1723 prospera
322 1673 470 1709 libidini
492 1673 654 1719 propriae
684 1671 903 1708 ambitionis

117 1723 244 1759 servit.
277 1723 450 1764 Rursum,
486 1731 570 1756 cum
606 1720 734 1755 mundi
771 1720 903 1764 despe-

118 1774 199 1807 ctus
221 1768 449 1815 praecipitur,
474 1778 556 1803 cum
578 1768 718 1813 probra
745 1764 903 1812 adipisci

121 1820 157 1854 et
177 1815 415 1853 contumeliae
433 1816 639 1860 J'ubentur3
670 1814 740 1849 nisi
760 1815 838 1849 baec
861 1824 903 1848 ex

121 1863 323 1909 semetipso
354 1862 503 1897 animus
526 1865 692 1907 appetat,
723 1860 903 1896 obedien-

120 1911 182 1947 tiae
215 1910 285 1946 sibi
323 1909 498 1944 meritum
521 1908 669 1951 minuit,
693 1908 754 1953 qui
781 1908 828 1944 ad
859 1918 903 1942 ea

120 1969 203 2004 quae
224 1957 262 1992 in
283 1958 352 1992 hac
375 1956 449 1991 vita
471 1957 648 2002 despecta
676 1959 777 1994 sunt.
806 1954 901 1989 invi-

122 2009 184 2041 tus
206 2004 409 2048 nolensque
433 2002 637 2038 descendit.
661 2002 778 2038 Debet
814 2012 902 2047 ergo

123 2050 338 2088 obedientia
364 2054 401 2085 et
426 2050 465 2085 in
487 2049 654 2085 adversis
681 2060 723 2084 ex
747 2059 813 2084 suo
832 2048 903 2083 ali-

123 2098 214 2145 quid
236 2099 388 2133 habere.
412 2101 448 2133 et
470 2107 617 2132 rursum
645 2095 682 2131 in
712 2094 903 2141 prosperis

124 2157 167 2182 ex
187 2156 254 2182 suo
281 2144 422 2190 aliquid
450 2144 600 2179 omnino
630 2154 703 2178 non
730 2144 869 2178 habere
893 2153 902 2178 :

125 2197 308 2239 quatenus
326 2192 360 2226 in
383 2191 550 2227 adversis
572 2194 673 2226 tanto
696 2190 743 2225 sit
763 2189 902 2235 glorio-

129 2240 220 2284 sior,
245 2243 387 2285 quauto
415 2238 541 2274 divino
569 2237 692 2273 ordini
715 2237 825 2273 etiam
863 2247 906 2272 ex

129 2298 196 2323 suo
209 2286 396 2322 desiderio
413 2286 602 2331 Jungitur3
618 2289 654 2320 et
666 2284 702 2319 in
718 2283 907 2330 prosperis

122 2337 229 2369 tanto
266 2333 312 2368 sit
338 2343 474 2373 verior,
499 2336 637 2377 quanto
667 2342 689 2367 a
729 2330 905 2377 praesenti

121 2380 204 2427 ipsa
225 2390 337 2425 quam
374 2379 555 2415 divinitus
586 2378 745 2425 percipit
768 2377 904 2424 gloria,

124 2427 295 2463 funditus
317 2438 359 2462 ex
388 2429 513 2462 mente
535 2429 733 2472 separatur
752 2438 762 2460 .·
783 2439 800 2456 »
826 2426 905 2460 haec

126 2475 335 2517 Greqorius.
357 2475 400 2509 [t
419 2477 543 2509 antem
560 2473 649 2508 dicit
670 2473 879 2508 Bernardus
895 2482 904 2506 ι

125 2536 144 2554 α
179 2521 264 2557 Tria
305 2520 453 2556 vincula
490 2521 602 2556 debet
635 2520 777 2555 habere
818 2528 908 2553 vera

127 2568 356 2611 obedientia,
389 2567 562 2603 videlicet
583 2579 591 2603 ε
617 2567 846 2603 celeritatem
868 2565 907 2600 in

123 2615 291 2662 jussione
314 2642 323 2658 ,
358 2615 632 2660 jucunditatem
674 2614 713 2649 in
758 2614 905 2656 labore,

128 2662 448 2709 perseverantiam
503 2661 540 2697 in
600 2661 723 2707 operis
776 2671 906 2695 execu-

132 2709 248 2744 tione.
287 2723 305 2741 »
341 2710 528 2752 Quantum
553 2719 641 2744 vero
678 2709 819 2744 bonum
861 2706 908 2741 sit

131 2755 360 2800 obedientia,
380 2761 414 2792 et
443 2767 510 2802 per
539 2755 764 2801 oppositum,
788 2764 906 2799 quan-

131 2812 213 2845 tum
252 2803 392 2839 malum
433 2802 702 2846 inobedientia,
743 2800 908 2838 ostendit

314 1299 482 1334 minima.
523 1300 630 1342 Nam,
668 1309 753 1333 cum
790 1298 900 1343 hujus
940 1298 942 1335 ἒ

1704 189 1746 222 73

974 260 1220 303 Auqustinus,
1243 256 1372 291 dicens
1391 267 1399 292 t
1425 271 1443 289 «
1466 256 1632 292 Perfecto
1653 257 1749 292 Deus

973 306 1240 349 evidenterque
1265 303 1484 339 monstravit
1505 308 1684 349 quantum
1704 303 1751 340 sit

972 354 1112 390 bonum
1135 350 1361 394 obedientia,
1384 362 1465 385 cum
1495 351 1683 387 bominem
1711 350 1749 387 in

973 495 1023 530 tia
1043 493 1163 540 potuit
1199 496 1328 528 tenere
1360 492 1537 537 palmum,
1561 493 1639 527 sola
1657 494 1751 527 ·ino-

972 541 1161 578 bcdientia
1193 539 1324 575 incidit
1361 540 1395 573 in
1420 550 1583 584 poenzun.
1605 554 1622 570 »
1649 539 1750 575 Unde

973 594 1009 625 et
1027 588 1234 625 Bernurdus
1255 586 1306 622 sic
1329 587 1441 621 habet
1462 597 1469 620 :
1497 600 1513 617 «
1535 586 1750 621 Inobodien-

972 637 1024 672 tia
1054 638 1172 672 Deum
1206 635 1375 676 offendit,
1408 633 1561 678 angelos
1596 633 1749 676 alienat,

974 683 1073 730 ejicit
1095 694 1116 718 a
1143 680 1405 717 communione
1438 682 1675 719 Sanctorum,
1698 678 1753 714 vi-

973 735 1050 767 tam
1075 733 1256 766 {eternam
1283 727 1434 769 amittit,
1460 727 1637 771 gandium
1666 726 1754 762 facit

974 777 1223 818 daemonibus,
1258 780 1439 810 aeternum
1467 778 1632 808 meretur
1665 783 1752 820 sup-

972 825 1138 872 plicium.
1154 840 1168 855 υ
1186 825 1229 858 Et
1244 822 1377 857 iterum
1396 832 1404 856 :
1424 835 1439 853 «
1457 823 1533 856 Non
1550 820 1652 855 dabit
1669 820 1754 856 ino-

973 870 1139 909 bedienti
1161 870 1304 916 copiam
1326 868 1382 904 sui
1397 872 1523 903 tantus
1542 868 1758 904 amatorob-

974 918 1160 962 edientiae,
1178 916 1240 963 qui
1267 915 1396 951 maluit
1416 915 1509 950 mori
1539 925 1648 960 quam
1677 925 1752 950 non

974 967 1143 1007 obedire,
1166 969 1203 1000 et
1224 975 1268 999 ne
1292 963 1465 1009 perderet
1485 961 1750 1006 obedientiam,

974 1013 1137 1061 perdidit
1162 1011 1273 1046 vitam
1301 1022 1308 1045 :
1331 1027 1346 1039 »
1372 1011 1451 1044 haec
1470 1010 1690 1045 Bernartius.

1023 1065 1043 1095 6
1062 1062 1235 1096 Cnmsrus
1256 1059 1464 1093 Arosronos
1486 1068 1529 1091 An
1554 1066 1751 1091 rnAEnmAN-

975 1120 1047 1144 DUM
1084 1118 1233 1142 Mirrnxs
1269 1115 1485 1139 snmmwsuu
1519 1115 1571 1137 Eis
1611 1113 1752 1137 rumam·

938 1166 940 1184 ἱ
976 1165 1178 1191 ExfflirLUM.
1202 1172 1246 1177 —
1268 1154 1352 1188 Cum
1369 1162 1457 1195 ergo
1475 1151 1755 1185 consummasset

977 1201 1159 1238 Dominus
1191 1201 1306 1238 Jesus,
1340 1208 1532 1233 sermones
1560 1196 1757 1242 praedictos

974 1250 1191 1295 praecipiens
1226 1247 1413 1281 duodecim
1442 1245 1637 1288 discipulis
1666 1245 1757 1284 suis,

978 1296 1130 1332 modum
1152 1294 1291 1329 scilicet
1314 1291 1539 1338 praedicandi
1557 1295 1593 1325 et
1612 1290 1759 1325 vivendi

978 1343 1213 1389 praedictum,
1232 1342 1382 1376 transiit
1402 1340 1499 1379 inde,
1517 1342 1554 1373 ut
1572 1339 1710 1372 doceret
1728 1340 1761 1372 et

975 1391 1194 1437 praetliew·et
1216 1391 1253 1422 z'n
1274 1387 1484 1421 civitatibus
1505 1396 1623 1419 eorum
1658 1383 1759 1419 scili-

980 1435 1332 1481 cetdiscipulorum,
1351 1443 1509 1478 quarum
1528 1431 1761 1466 domininon

980 1487 1100 1526 erant,
1118 1484 1183 1518 sed
1205 1482 1241 1516 in
1276 1481 1410 1526 quibus
1435 1479 1510 1514 nati
1530 1479 1585 1513 vel
1613 1477 1756 1513 enutri-

981 1531 1022 1573 ti,
1046 1541 1113 1565 seu
1137 1527 1268 1563 morati
1297 1528 1466 1569 t'uerant;
1506 1526 1575 1560 hoc
1608 1529 1664 1560 est
1700 1527 1754 1569 ut,

980 1576 1203 1623 praedicaret
1245 1573 1398 1615 Judaeis,
1442 1572 1576 1617 quibus
1620 1571 1756 1607 missus

981 1626 1075 1660 erat.
1115 1621 1329 1657 Praedicans
1361 1620 1486 1664 itaque
1518 1619 1656 1654 ibidem
1690 1620 1756 1655 Ju-

982 1670 1085 1713 daeis,
1101 1681 1175 1705 non
1197 1667 1457 1710 Samaritanis,
1474 1677 1546 1701 non
1562 1665 1756 1710 Gentibus,

944 1713 945 1725 ¹
981 1717 1066 1753 fecit
1104 1717 1202 1762 quod
1231 1716 1411 1751 docuerat
1443 1718 1479 1749 et
1514 1714 1758 1758 mandaverat

981 1764 1188 1810 discipulis,
1222 1766 1273 1803 ut,
1316 1761 1521 1797 secundum
1556 1759 1756 1806 promissa,

980 1812 1084 1858 prius
1105 1811 1305 1846 offerretur
1331 1808 1471 1845 Judaeis
1494 1806 1641 1842 occasio
1665 1806 1761 1842 salu-

981 1859 1041 1895 tis.
1060 1858 1125 1893 Hic
1156 1868 1245 1903 ergo
1275 1857 1340 1891 dat
1373 1855 1577 1901 majoribus
1595 1853 1760 1900 praelatis

982 1906 1207 1951 exemplum,
1232 1907 1269 1939 ut
1292 1903 1358 1949 ipsi
1378 1902 1581 1948 praedicare
1607 1912 1681 1936 non
1699 1901 1761 1936 de-

982 1953 1122 1995 sinant,
1158 1951 1327 1997 quamvis
1360 1950 1454 1985 alios
1487 1949 1677 1984 destinent
1711 1947 1759 1984 ad

980 2000 1261 2047 praedicandum
1279 2009 1286 2041 3
1307 2008 1367 2041 ne,
1383 1996 1466 2032 aliis
1487 1995 1759 2039 laborantibus,

982 2047 1091 2083 otiosi
1131 2047 1236 2089 fiant,
1271 2049 1306 2080 et
1343 2046 1526 2079 bonorum
1554 2043 1761 2087 gloriosum

982 2095 1144 2130 fructum
1162 2093 1213 2128 sic
1234 2092 1404 2138 perdant.
1427 2091 1512 2133 Sed,
1531 2090 1626 2125 heu!
1649 2088 1760 2125 bodie

983 2141 1089 2177 multi
1112 2140 1255 2186 praelati
1277 2138 1437 2174 vicarios
1461 2148 1532 2172 non
1551 2137 1758 2182 adjutores,

983 2192 1169 2234 quaerunt,
1207 2190 1242 2222 et
1273 2186 1464 2232 quiescere
1493 2195 1567 2219 non
1596 2184 1760 2219 collabo-

982 2246 1082 2277 rare,
1105 2235 1252 2277 volunt;
1277 2233 1472 2279 opinantes
1494 2231 1592 2276 quod
1614 2230 1666 2266 sie
1684 2240 1762 2266 suae

984 2286 1021 2318 et
1041 2281 1277 2317 subditorum
1303 2290 1437 2315 anunae
1459 2278 1698 2323 requiescant
1721 2276 1761 2312 in

983 2339 1087 2375 pace=
1113 2330 1204 2370 Imo,
1229 2328 1327 2371 quod
1357 2336 1459 2371 pejus
1484 2330 1550 2360 est.
1577 2325 1671 2370 proli
1693 2324 1760 2359 do-

984 2377 1041 2411 lor
1056 2376 1064 2410 l
1088 2373 1416 2420 praedicationibus
1430 2371 1592 2414 omissiS,
1608 2371 1763 2417 quidam

983 2429 1117 2458 vacant
1135 2421 1279 2467 gnomis
1301 2425 1338 2456 et
1355 2419 1502 2466 pugnis,
1520 2423 1553 2454 et
1578 2418 1638 2463 qui
1666 2428 1763 2464 prae-

984 2469 1144 2505 dicando
1171 2469 1353 2504 deberent
1379 2467 1526 2502 animas
1553 2465 1761 2509 vivificare,

946 2532 948 2561 ς
985 2527 1141 2562 guerras
1162 2515 1332 2551 faciendo
1364 2525 1437 2549 non
1458 2513 1589 2548 timent
1624 2516 1661 2548 et
1681 2522 1763 2547 cor-

947 2567 948 2571 ’
984 2574 1077 2611 pora
1099 2567 1133 2598 et
1152 2562 1299 2599 animas
1320 2561 1528 2607 perimere;
1553 2562 1588 2594 ‹Jt
1616 2559 1682 2602 sic,
1704 2558 1761 2594 lo-

985 2611 1033 2646 tis
1054 2610 1284 2646 extrinsecus
1309 2608 1495 2651 manibus,
1517 2607 1581 2643 sed
1608 2605 1762 2652 pollutis

985 2658 1213 2694 intrinsecus
1235 2656 1409 2692 cordibus
1446 2655 1492 2690 ad
1517 2656 1635 2690 altare
1656 2662 1761 2688 acce-

986 2706 1087 2741 dere.
1113 2704 1180 2741 Uni
1202 2705 1500 2749 Chrysostomus:
1525 2715 1542 2734 «
1566 2702 1653 2736 Cum
1675 2709 1764 2734 con-

986 2756 1213 2788 summasset
1231 2753 1339 2787 Jcsus
1358 2748 1582 2796 praecipiens
1601 2745 1762 2791 discipu-

985 2799 1031 2835 lis
1067 2799 1158 2844 suis,
1183 2798 1270 2835 exiit
1303 2798 1351 2834 ad
1378 2794 1674 2843 praedicandum,
1695 2802 1759 2837 ne,
