1894 3186
378 168 426 200 DE
468 167 696 200 FERMENITO
733 167 937 202 CAVENDO
978 171 1030 204 ET
1066 171 1184 205 CAECO
1223 172 1512 211 ILLUMINATO.
1739 181 1797 214 330

175 247 288 273 Ununi
307 240 363 272 est
379 246 498 281 poenae
511 237 549 271 et
566 235 801 282 tempestatis
820 237 859 272 in
875 237 951 274 vita

170 262 320 328 futura3
340 286 377 320 et
398 294 417 320 e
439 293 634 327 converso,
655 284 805 329 qnando
824 287 880 320 est
894 295 948 321 se-

169 331 311 367 renitas
334 331 373 367 in
403 341 559 376 vespere
593 334 628 366 et
652 331 774 375 tarde,
804 331 948 368 scilicet

167 378 207 415 in
226 378 311 414 vitae
346 379 436 422 fine,
465 378 616 423 signum
644 382 699 414 est
732 380 946 416 serenitatis

167 429 204 462 et
223 426 491 463 consolationis
508 425 593 461 vitae
614 426 761 462 futurae.
783 429 843 471 Et,
875 429 944 464 Do-

166 473 305 518 minus,
328 475 563 519 inqemiscens
585 476 734 519 spiritu,
754 474 841 520 quia
874 474 944 511 sic-

166 525 206 558 ut
234 522 280 558 de
311 523 507 558 hominum
543 521 664 557 salute
699 521 861 567 laetatur,
892 521 945 560 ita

166 579 280 614 super
315 580 446 606 eorum
481 569 583 605 dolet
611 568 820 614 erroribuS,
854 572 942 606 ait:

166 617 359 654 Generatio
385 618 499 661 meda,
529 617 653 662 quoad
689 627 837 654 morum
862 628 945 663 per-

163 664 395 709 versitatem,
415 668 448 701 et
477 665 663 709 adultera,
688 665 814 710 quoad
851 665 940 701 fidei

161 712 418 757 violationem,
456 712 639 748 recedens
676 722 698 748 a
734 714 822 755 Dee,
852 723 940 749 vero

162 770 302 806 sponso
323 759 549 802 animarum,
570 770 636 806 per
661 759 940 805 infidelitatem,

159 809 306 851 simiam
330 810 474 853 quaerz't,
509 808 633 854 quoad
657 807 867 853 majestatis
887 807 940 844 in-

161 854 387 891 dicationem
406 867 414 900 ;
436 859 469 891 et
483 858 628 900 signum
642 866 712 890 non
731 855 941 900 dabam-ei,

160 904 234 938 πίει·
252 904 398 947 siquam
423 904 520 938 Jonae
536 904 735 950 Prophetae,
755 902 793 938 id
818 906 874 939 est
895 902 942 938 si-

160 960 275 995 gnum
297 950 543 996 infirmitatis,
569 951 616 987 de
643 961 717 996 quo
740 950 941 987 Psalmista

159 997 250 1033 dicit
272 1009 279 1033 ε
303 1000 374 1034 Fac
394 1010 530 1035 mecum
555 1001 700 1043 siynum
721 999 760 1034 in
793 998 936 1044 bonum,

160 1048 231 1081 etc.
255 1047 331 1081 Hoc
352 1045 452 1083 enim
476 1050 533 1082 est
560 1046 707 1092 signum
730 1044 935 1091 Passionis,

158 1103 226 1139 per
245 1094 346 1138 quod
365 1093 486 1130 omnis
514 1095 627 1129 homo
649 1096 706 1129 est
720 1093 870 1139 adiutus
902 1097 939 1129 et

158 1141 388 1177 consolatus.
413 1141 541 1178 Simile
572 1142 690 1177 habes
717 1151 845 1187 supra,
873 1140 938 1177 uhi

157 1188 267 1235 plura
284 1189 330 1225 de
350 1190 419 1225 hac
436 1189 564 1225 videas
584 1188 755 1225 materia.
770 1190 817 1224 Et
837 1191 937 1224 tam-

158 1246 270 1282 quam
291 1236 506 1273 obstinatos
541 1237 760 1281 relinquens
796 1235 936 1271 Phari-

156 1294 252 1319 saeos
281 1287 318 1320 et
340 1285 579 1328 Sadducaeos,
609 1284 735 1329 quoad
767 1283 935 1329 corporis

155 1331 396 1377 praesentiam
415 1334 451 1367 et
463 1331 594 1377 gratiae
606 1332 794 1374 effectum,
811 1341 935 1366 ascen-

155 1379 211 1415 dit
226 1381 356 1414 iterum
375 1390 518 1423 navem,
536 1390 621 1415 cum
636 1377 824 1424 discipulis
839 1377 931 1423 suis,

155 1429 189 1462 et
205 1427 311 1471 abiit,
334 1427 381 1463 ab
405 1426 493 1471 illis,
518 1430 620 1462 trans
645 1428 794 1470 fretum,
818 1424 854 1460 id
876 1429 933 1461 est

154 1473 253 1510 ultra
289 1477 462 1520 stagnum
502 1474 755 1518 Genezareth,
798 1471 930 1509 relicto

155 1521 313 1567 strepitu
331 1522 534 1558 mundano.

204 1582 222 1604 2
246 1571 427 1605 DiscipeLi
445 1581 723 1606 omnamnxrun
742 1579 852 1604 PANES
874 1579 932 1604 Ae-

154 1627 292 1662 CIPERE3
315 1628 422 1653 nnius
443 1629 645 1653 OBLIVIONIS
665 1628 795 1653 CAUsAE.
812 1618 928 1661 -Et‚

153 1675 233 1700 cum
266 1667 448 1701 venissent
491 1666 668 1711 discipuli
706 1665 785 1710 ejus
826 1666 930 1701 trans

150 1713 299 1756 fretum,
341 1714 447 1748 oblita·
486 1716 572 1748 sunt
596 1723 710 1758 panes
753 1712 928 1756 accipere,

151 1758 190 1795 id
209 1764 266 1796 est
284 1760 498 1805 fragmenta
514 1770 653 1806 panum
673 1762 815 1806 septem
828 1768 931 1804 spor-

153 1808 275 1844 tarum
295 1820 305 1851 ,·
333 1811 367 1843 et
385 1819 457 1843 non
483 1808 680 1851 habebant,
702 1817 821 1843 secum
854 1809 930 1843 nisi

152 1866 264 1891 unum
283 1866 426 1901 panem.
444 1856 565 1892 Causa
585 1858 710 1891 autem
730 1855 842 1901 huJ'us
861 1856 928 1892 ob-

153 1901 304 1938 livionis
329 1902 453 1949 potuit
473 1913 554 1939 esse
587 1902 780 1949 multiplex
803 1915 810 1939 :
833 1914 924 1949 una,

151 1950 354 1996 prohibitio
376 1950 640 1986 sollicitudinis
661 1950 706 1985 de
730 1951 894 1987 crastino
914 1962 922 1996 3

151 1997 239 2042 alia,
265 2008 443 2034 occursus
459 2008 668 2044 pauperum
681 1998 817 2043 quibus
840 1998 923 2035 reli-

151 2044 259 2090 quias
300 2045 547 2089 dimiserunt3
587 2044 714 2091 tertia,
753 2056 837 2092 spes
877 2046 923 2082 de

150 2092 323 2137 Domine,
353 2093 453 2139 quia,
477 2094 556 2139 Jam
596 2092 686 2128 visis
718 2093 923 2139 miraculis,

150 2140 243 2176 certi
263 2145 370 2176 erant
391 2141 491 2187 quod
511 2139 605 2177 nihil
635 2140 689 2177 eis
725 2141 921 2185 deficeret;

150 2190 298 2234 quarta,
320 2188 473 2225 interna
492 2188 649 2224 dulcedo
666 2187 778 2225 unius
797 2192 833 2225 et
847 2188 925 2225 veri

150 2235 258 2282 panis
287 2235 461 2272 habentis
494 2235 535 2271 in
564 2247 604 2272 se
632 2246 744 2272 omne
761 2237 924 2272 delectae

151 2287 334 2328 mentum,
357 2293 469 2328 quam
486 2294 612 2320 secum
634 2283 840 2329 habebant,
862 2283 926 2320 illo

150 2331 252 2366 enim
285 2330 397 2377 capti,
429 2331 476 2367 de
509 2329 685 2367 exteriori
713 2341 810 2376 pane
845 2341 922 2369 non

147 2377 376 2423 cogitabant.
410 2378 516 2415 Unde
536 2379 635 2414 Beda
665 2390 673 2415 z
699 2392 718 2411 «
737 2380 838 2415 Unus
858 2389 923 2425 pa-

147 2424 205 2461 nis
226 2436 338 2471 quem
365 2435 492 2462 secum
526 2426 712 2462 habebant
751 2425 790 2461 in
820 2425 920 2470 navi,

147 2472 302 2520 mystice
314 2472 437 2518 ipsum
450 2484 587 2520 panem
606 2472 691 2508 vita—:-
707 2472 920 2515 Dominum,

149 2519 323 2556 videlicet
343 2520 575 2557 Salvatorem
596 2520 794 2566 designat;
818 2521 923 2567 quus

150 2577 292 2613 amore,
318 2567 406 2613 quia
427 2568 685 2615 semperintus
703 2567 923 2604 reficieban-

149 2616 211 2650 tur
229 2614 266 2650 in
286 2615 411 2659 corde,
431 2615 557 2652 minus
572 2617 617 2651 de
637 2619 788 2651 terreno
809 2626 922 2662 pane,

149 2672 222 2708 quo
245 2672 380 2708 corpus
400 2663 502 2709 pasci
523 2664 630 2708 solet,
655 2664 839 2699 curabant
867 2674 875 2698 ι
903 2678 920 2695 ι)

151 2710 229 2745 haec
249 2711 359 2746 Beda.
387 2712 428 2746 In
453 2721 528 2757 quo
566 2710 776 2747 ostenditur
802 2710 843 2746 in
869 2710 922 2747 eis

148 2756 272 2793 fervor
292 2760 329 2793 et
348 2757 576 2795 desiderium
589 2768 762 2805 supernae
777 2757 922 2794 doctri-

149 2814 223 2849 nae,
252 2806 289 2841 et
309 2807 546 2852 contemptus
573 2805 794 2842 deliciarum
812 2816 920 2843 mun-

1025 238 1063 275 di
1090 240 1217 293 hujuS,
1240 253 1323 280 cum
1344 244 1457 281 etiam
1482 245 1582 284 circa
1611 249 1696 286 vita:
1726 262 1794 288 ne-

1025 297 1191 324 cessaria
1213 299 1348 334 parum
1370 293 1522 330 suerunt
1540 296 1696 333 studiosi
1718 308 1725 341 ;
1757 302 1794 335 et

1022 336 1333 390 eorum-deyottio
1362 340 1407 375 ad
1431 343 1669 386 praesentiiim
1693 346 1796 382 tjliri-

1022 385 1083 426 sti,
1110 392 1197 436 quia
1217 395 1269 420 sic
1290 389 1594 432 inseparabiliter
1620 392 1795 430 adhaere-

1020 429 1178 483 bant-ei,
1195 432 1295 476 quod
1317 436 1529 473 necessaria
1545 437 1627 475 vitre
1644 440 1794 479 fuerant

1020 477 1150 522 obliti;
1173 482 1209 514 et
1235 489 1346 524 quani
1369 484 1553 521 modicam
1580 487 1703 523 carnis
1727 499 1794 525 cu-

1019 536 1100 578 ram
1121 525 1311 580 habebant
1330 527 1366 565 in
1382 529 1536 576 reliquis
1556 535 1793 583 necessariiS,

1019 583 1083 625 qui
1105 584 1174 610 nec
1201 579 1379 613 viaticum
1399 587 1641 624 sumpserunt
1662 582 1792 620 inten-

1017 622 1119 657 tione
1130 621 1314 659 Dominici
1328 626 1537 663 comitatus.
1553 629 1658 665 Unde
1672 632 1791 668 Remi-

1017 669 1099 721 ,qius
1123 679 1130 704 :
1155 683 1174 703 «
1195 670 1312 708 Tanto
1330 672 1432 708 enim
1459 684 1588 711 amore
1622 677 1789 723 Magistri

1017 715 1294 762 detinebantur,
1322 722 1362 756 ut
1382 731 1452 756 nee
1485 720 1598 759 etiam
1619 724 1666 759 ad
1687 735 1791 770 pun-

1018 766 1118 799 ctum
1148 765 1288 802 vellent
1311 767 1358 803 ab
1384 778 1428 803 eo
1446 770 1638 808 recedere.
1662 772 1792 809 Anim-

1016 811 1285 849 advertendum
1299 816 1355 850 est
1367 825 1471 861 ergo,
1482 821 1663 862 quantum
1678 819 1791 859 alieni

1016 862 1142 895 essent
1162 860 1209 896 ab
1245 861 1415 907 appetitu
1448 864 1682 910 deliciarum,
1705 877 1790 905 cum

1016 908 1092 942 tam
1111 917 1264 952 parvam
1292 910 1475 946 haberent
1498 912 1543 948 de
1568 915 1791 953 necessariis

1016 964 1158 1006 curam,
1174 958 1213 991 ut
1230 955 1343 992 etiam
1364 957 1468 994 obliti
1487 958 1561 996 sint
1581 971 1698 1007 panes
1719 973 1790 999 ac-

1016 1011 1153 1054 cipere,
1169 1001 1250 1039 sine
1269 1004 1405 1049 quibus
1421 1006 1587 1043 humana
1604 1008 1790 1054 fragilitas

1014 1049 1221 1086 subsistere
1240 1062 1315 1087 non
1338 1056 1462 1098 potest
1483 1065 1491 1091 z
1521 1068 1534 1088 ι)
1560 1055 1641 1091 haec
1666 1058 1786 1094 Remi-

1013 1098 1108 1140 9ius.
1131 1098 1271 1134 Horum
1290 1110 1379 1146 ergo
1408 1100 1680 1148 discipulorum
1713 1116 1783 1141 ex-

1013 1144 1153 1196 emplo,
1168 1148 1204 1181 et
1222 1149 1263 1182 tu
1280 1147 1400 1193 magis
1418 1159 1509 1184 cura
1529 1149 1575 1186 de
1587 1150 1669 1186 cibo
1687 1162 1788 1188 men-

1012 1194 1073 1235 tis,
1092 1202 1206 1245 qua-m
1231 1194 1399 1239 veniris3
1429 1199 1466 1231 et
1487 1196 1608 1242 magis
1637 1198 1683 1234 de
1711 1199 1786 1235 vir-

1011 1241 1090 1274 tute
1109 1239 1239 1284 animi,
1253 1251 1366 1286 quam
1384 1243 1429 1278 de
1443 1242 1578 1280 viatico
1600 1245 1784 1291 corporis.

1011 1287 1118 1331 Nam,
1155 1288 1362 1339 secundum
1385 1291 1693 1335 chrysostomum,
1716 1294 1788 1330 hoc

1010 1333 1107 1386 loco,
1128 1334 1275 1370 virtutis
1294 1337 1481 1381 possessio
1500 1348 1651 1376 omnem
1668 1339 1787 1377 tristi-

1009 1383 1100 1433 tia-m
1123 1384 1160 1417 et
1174 1381 1465 1420 sollicitudinem
1484 1387 1648 1432 expellit,
1663 1398 1706 1423 ac
1726 1388 1788 1425 lae-

1009 1431 1131 1480 titiam
1167 1434 1204 1465 et
1235 1440 1340 1475 spem
1378 1443 1556 1479 magnam
1590 1434 1782 1481 immittit;

1007 1475 1168 1521 ideoque
1186 1480 1223 1512 et
1253 1478 1469 1517 hominibus
1491 1491 1560 1516 nos
1574 1483 1784 1529 acceptabi-

1006 1522 1061 1558 les
1078 1523 1178 1559 facit.

1054 1574 1075 1607 5
1114 1572 1191 1614 Quo
1228 1584 1339 1611 sensu
1361 1586 1622 1613 INTELLIGENDA
1667 1590 1784 1616 venna

1007 1616 1152 1654 Cunisri
1175 1631 1184 1656 ι
1208 1621 1348 1658 CAVETE
1368 1634 1391 1658 A
1412 1625 1625 1661 FERMENTO?
1638 1646 1683 1651 —
1697 1627 1781 1674 Qui,

1004 1666 1126 1711 Jesus,
1147 1667 1246 1703 dimit
1271 1670 1322 1705 eis
1350 1681 1358 1705 :
1380 1672 1589 1713 Intuemini,
1608 1683 1676 1719 per
1695 1673 1783 1710 dili·

1005 1717 1156 1758 gentem
1193 1716 1533 1756 considerationem
1562 1720 1715 1766 mentis,
1747 1725 1782 1758 et

1005 1765 1138 1814 cavete,
1158 1772 1227 1808 per
1245 1763 1333 1800 fidei
1354 1765 1570 1812 puritatem,
1591 1778 1613 1802 a
1626 1769 1780 1811 fermen-

1004 1811 1052 1851 to,
1074 1809 1113 1844 id
1148 1814 1204 1845 est
1230 1821 1252 1847 a
1271 1812 1511 1858 corruptione
1533 1818 1571 1851 et
1602 1815 1778 1853 doctrina

1003 1863 1283 1904 corrumpente,
1299 1861 1563 1897 Pharisaeorum
1583 1865 1617 1898 et
1631 1864 1781 1899 Saddu-

1002 1914 1173 1942 caeorum:
1191 1906 1417 1943 fermentum
1437 1907 1537 1945 enim
1552 1911 1781 1956 quandoque

1001 1957 1156 2004 propter
1183 1955 1463 2000 corruptionem
1495 1956 1681 2003 significat
1712 1958 1779 1994 do-

1001 2002 1159 2035 ctrinam
1191 2001 1342 2046 malam,
1369 2005 1411 2038 ut
1442 2004 1524 2048 hic;
1553 2005 1780 2051 quandoque

1000 2050 1153 2093 propter
1182 2049 1346 2084 calorem
1377 2049 1563 2086 inclusum
1591 2052 1780 2098 significat

999 2094 1185 2130 servorem
1201 2095 1303 2140 fidei,
1315 2099 1351 2132 et
1361 2097 1655 2143 praedicationis,
1665 2103 1707 2136 ut
1721 2111 1779 2136 su-

999 2152 1069 2188 pra
1084 2153 1093 2186 ;
1112 2145 1145 2178 et
1161 2153 1184 2178 a
1207 2144 1395 2186 fermenta,
1409 2148 1445 2181 et
1463 2148 1702 2193 corruptione
1712 2150 1779 2183 He÷

997 2190 1113 2234 rodis,
1126 2189 1267 2226 scilicet
1287 2202 1309 2228 a
1322 2191 1447 2238 pravis
1461 2194 1642 2230 moribus.
1662 2196 1706 2230 Et
1726 2194 1780 2231 sie

999 2237 1162 2272 habetur
1180 2237 1314 2284 triplex
1333 2239 1577 2278 fermentum:
1596 2241 1776 2288 primum,

1000 2284 1307 2331 Sadducaeorum,
1321 2286 1383 2332 qui
1396 2287 1525 2323 dicunt
1538 2299 1613 2324 non
1628 2300 1710 2325 esse
1721 2300 1776 2325 re-

999 2331 1283 2377 surrectionem,
1302 2344 1425 2380 neque
1438 2335 1638 2381 Angelum,
1653 2347 1776 2382 neque

999 2378 1201 2425 Christum,
1230 2381 1437 2427 Prophetas
1466 2388 1663 2430 spernunt,
1710 2394 1777 2430 spe

997 2426 1240 2473 praesentium
1254 2429 1330 2464 Deo
1348 2428 1532 2474 serviunt;
1550 2430 1773 2479 secundum,

1001 2473 1291 2519 Pharisaeorum,
1319 2476 1382 2521 qui
1416 2477 1567 2513 decreta
1589 2477 1696 2523 Legis
1715 2478 1771 2513 dia

997 2520 1093 2557 vinae
1113 2521 1381 2559 traditionibus
1400 2523 1596 2560 hominum
1617 2528 1770 2571 postpo÷

997 2572 1104 2613 nunt,
1124 2570 1261 2615 Legem
1274 2571 1481 2616 praedicant
1498 2571 1623 2608 verbis
1643 2575 1679 2607 et
1699 2572 1770 2607 im-

996 2620 1167 2662 pugnant
1192 2617 1313 2662 sactis,
1339 2618 1379 2654 in
1404 2629 1564 2665 quorum
1597 2618 1771 2655 doctrina

996 2664 1070 2700 duo
1091 2667 1213 2709 erant,
1231 2665 1372 2702 scilicet
1391 2665 1618 2711 perversitas
1636 2665 1771 2702 doctri-

994 2722 1067 2757 nae,
1100 2714 1137 2747 et
1171 2711 1362 2750 simulatio
1389 2712 1496 2757 vitae3
1525 2713 1680 2749 tertium
1708 2716 1767 2749 est

995 2758 1308 2807 Herodianorum,
1327 2760 1427 2807 quod
1453 2764 1510 2796 est
1529 2760 1770 2806 adulterium,

995 2805 1254 2853 homicidium,
1266 2805 1460 2844 temeritas
1469 2807 1636 2855 Jurandi,
1658 2807 1770 2844 simu·
