1894 3186
102 185 163 221 206
577 181 721 216 PRIMAE
757 182 915 216 PARTIS
952 182 1086 216 CAPUT
1122 181 1261 214 LXXII

102 259 140 293 et
162 257 394 291 contractam
420 253 565 289 hahens
591 262 669 288 non
695 252 752 288 vis
774 252 880 298 dare,

102 302 156 338 vis
177 301 366 347 accipere;
392 311 465 336 non
479 299 534 335 vis
548 299 690 346 largiri,
709 299 765 336 vis
785 310 887 345 prae-

102 350 207 393 dari;
224 349 383 385 extende
400 357 533 383 manus
552 350 650 391 tuas,
670 350 710 383 ut
736 348 884 383 tribuas

101 396 371 441 indigentibus,
394 394 481 440 quia
506 393 544 429 in
568 395 637 429 hoc
665 393 888 439 tibimetipsi

102 442 333 489 providebis,
357 446 394 478 et
413 440 685 477 thesaurizabis
708 441 746 476 in
770 441 889 476 coelis.

101 491 208 527 Unde
223 490 275 526 ait
296 491 568 533 chrysostomus
599 500 606 523 :
629 502 647 521 «
669 488 888 533 Eleemosy-

101 548 191 573 nam
221 536 416 580 faciamus,
436 538 473 572 et
502 545 709 580 numquam
729 534 889 579 despici-

101 594 210 621 amus
226 585 353 620 asame
365 585 570 628 correptos.
584 582 731 617 Etenim
746 582 891 617 tibime-

101 631 189 678 tipsi
216 630 428 668 benefacies
455 629 589 674 magis,
622 628 695 663 illis
722 628 884 664 benefa—

102 678 217 715 ciens.
231 680 323 713 Nam
337 678 396 713 his
412 677 563 722 quidem
582 675 783 721 praesentia
801 685 886 720 por-

100 725 222 770 riges;
251 723 470 768 tibimetipsi
493 733 580 758 vero
610 723 772 757 suturam
799 722 887 767 glo—

100 772 196 808 riam
211 771 488 817 praedisponisz»
504 771 584 804 haec
599 770 884 812 Chrysostomus.

100 820 202 855 Inter
232 818 361 854 omnia
391 828 480 863 ergo
516 826 632 861 opera
665 814 886 850 misericor-

102 865 173 902 diae
192 864 482 910 praerogativam
500 864 613 898 habet
630 862 884 908 eleemosyna,

101 922 215 957 quam
237 911 347 947 toties
368 914 405 946 et
428 914 504 945 tam
525 912 668 945 attente
689 909 799 945 nobis
819 908 886 944 in-

101 959 225 995 culcat
248 957 376 994 divina
396 957 601 1002 Scriptura.

148 1009 167 1041 5
193 1008 455 1041 PnAmsAEonun
476 1014 625 1038 CAECITAS
659 1015 700 1038 ET
724 1015 882 1039 nAL1T1A.

103 1073 148 1078 —
168 1054 346 1088 Pharisaei
358 1055 491 1091 autem,
506 1052 637 1096 repleti
651 1052 883 1095 insipientia,

104 1100 139 1135 id
178 1102 234 1134 est
262 1096 514 1134 irrationabili
550 1097 762 1141 iracundia,
799 1107 884 1133 cum

101 1145 221 1192 magis
242 1146 423 1181 deberent
450 1155 532 1180 esse
557 1143 667 1189 grati,
690 1145 736 1179 de
756 1143 884 1180 divino

102 1192 302 1235 beneficio,
338 1195 520 1234 ememtes,
543 1192 589 1227 de
618 1201 820 1237 synagoga,
849 1194 886 1227 et

102 1240 148 1276 de
175 1242 379 1285 conspectu
400 1237 553 1281 Christi,
576 1241 611 1273 et
629 1248 651 1273 a
668 1237 807 1273 lumine
825 1248 885 1273 re-

103 1287 294 1329 cedentes,
306 1287 432 1321 statim
447 1296 526 1320 curm
541 1285 772 1328 Herodianis,
785 1284 887 1330 prin-

102 1333 196 1379 cipis
228 1332 409 1369 secularis
434 1331 669 1375 satellitibus,
695 1333 886 1367 consilium

102 1381 287 1424 faciebant
315 1380 490 1414 adversus
522 1378 726 1414 Dominum
748 1380 882 1422 Jeswn,

103 1427 292 1473 quomodo
329 1437 409 1461 euin
442 1426 648 1470 perderent,
681 1425 884 1470 quomodo,

103 1474 309 1510 secundum
335 1473 584 1516 Ambrosium,
605 1471 719 1507 vitam
750 1472 886 1517 perde-

103 1523 201 1564 rent,
246 1530 321 1555 non
361 1519 549 1564 quomodo
586 1517 701 1553 vitam
737 1518 885 1554 inveni-

102 1571 201 1604 rent.
231 1566 394 1612 JamJ'am
423 1576 512 1611 ergo
545 1565 591 1601 de
620 1568 740 1601 morte
769 1564 886 1611 ipsius

102 1614 343 1657 tractabant;
383 1615 421 1648 et
455 1612 516 1648 hic
551 1611 673 1658 primo
717 1611 886 1657 loquitur

103 1660 344 1704 Evangelista
369 1660 415 1695 de
447 1659 714 1704 procuratione
753 1659 887 1694 mortis

104 1707 257 1751 Christi,
277 1718 344 1753 pro
361 1717 433 1752 qua
447 1710 536 1742 tunc
550 1706 670 1751 primo
690 1705 887 1742 consilium

103 1755 306 1792 faciebant.
331 1755 468 1799 Magna
488 1752 707 1798 insipientia
726 1753 772 1788 de
793 1763 884 1788 nece

105 1803 188 1848 ejus
208 1804 387 1844 tractare,
416 1801 521 1846 cujus
544 1799 742 1836 beneficiis
766 1798 884 1845 pluri-

104 1859 209 1885 mum
231 1847 466 1893 indigebant,
488 1857 581 1892 quos
602 1846 716 1882 etiam
744 1846 793 1881 ad
813 1847 885 1881 hoc

103 1906 181 1931 non
208 1895 288 1940 ejus
320 1894 443 1940 culpa,
480 1894 546 1929 sed
576 1892 672 1928 livor
696 1892 884 1928 movebat.

104 1943 243 1987 Magna
268 1941 381 1976 etiam
413 1951 546 1977 eorum
572 1939 641 1975 fuit
667 1939 884 1983 obstinatio,

105 1989 195 2035 quia
230 1998 298 2023 nec
320 1987 445 2024 verbis
475 1985 628 2030 Christi,
663 1997 733 2022 nec
763 1986 885 2031 factis,

105 2035 325 2071 resilierunt
344 2045 367 2070 a
387 2034 486 2070 malo
507 2044 601 2077 suo;
631 2033 697 2069 sed
725 2032 886 2079 amplius

103 2081 246 2118 invidia
266 2081 442 2127 permoti,
466 2083 731 2117 remanserunt
747 2080 785 2115 in
805 2090 886 2116 ma-

104 2130 141 2165 lo
165 2128 357 2164 obstinati.
383 2128 487 2164 Unde
507 2127 559 2164 ait
580 2128 852 2171 chrysostomus
873 2140 884 2163 ε

110 2190 129 2209 «
152 2175 334 2211 Pharisaei
354 2178 483 2211 autem
513 2174 713 2210 consilium
731 2184 886 2219 accepe-

105 2226 212 2266 runt,
235 2222 376 2257 scilicet
395 2233 418 2258 a
437 2221 603 2266 diabolo,
626 2224 666 2257 ut
683 2221 888 2267 perderent

106 2280 205 2306 eum.
230 2268 442 2304 Invidentes
475 2268 576 2304 enim
599 2268 761 2311 Christo,
784 2268 887 2303 nole-

105 2317 198 2353 bant
219 2325 307 2351 eum
336 2317 460 2351 facere
488 2315 611 2360 signa,
641 2325 690 2351 ne
726 2314 887 2359 gloriam

109 2361 342 2408 acquireret,
376 2365 412 2397 et
438 2361 642 2408 discipulos
676 2372 886 2407 congrega-

106 2412 184 2451 ret;
219 2409 285 2444 sed
323 2408 593 2454 turpitudinem
620 2408 771 2444 invidiae
807 2419 886 2444 suae

108 2455 256 2492 sabbati
293 2455 512 2491 defensione
541 2456 736 2501 tegebant,
776 2458 817 2491 ut
849 2456 887 2491 in

108 2502 233 2549 prima
253 2502 403 2547 quidem
433 2502 526 2538 facie
552 2502 769 2538 viderentur
800 2502 886 2538 sab-

109 2549 190 2586 bati
204 2548 391 2595 justitiam
411 2548 630 2593 defendere,
654 2559 788 2585 revera
819 2560 885 2585 au-

109 2600 188 2632 tem
212 2606 318 2632 suam
339 2599 633 2642 exsequerentur
653 2596 846 2632 invidiam.
864 2609 884 2628 »

108 2646 211 2679 Jesus
223 2646 342 2678 autem
356 2644 471 2678 sciens
487 2653 617 2678 eorum
637 2643 886 2678 machinatio-

108 2701 176 2726 nes
197 2691 389 2736 quoniam,
402 2689 494 2725 nihil
513 2699 598 2725 eum
615 2689 767 2734 latebat,
780 2699 889 2726 reces-

109 2739 159 2773 sit
185 2738 296 2781 incle,·
324 2740 361 2774 et
392 2748 472 2773 cum
501 2737 695 2782 discipulis
726 2739 817 2781 suis,
838 2737 889 2772 ad
919 2768 924 2776 ,

110 2795 211 2821 mare
244 2786 403 2822 secessit.
435 2785 600 2822 Recessit
634 2786 762 2821 autem
800 2783 891 2821 inde

962 255 1115 298 propter
1130 250 1249 286 multa
1270 263 1279 284 :
1301 249 1437 295 primo,
1459 251 1500 285 ut
1522 248 1575 284 eis
1601 259 1732 295 parce-

962 302 1033 343 ret,
1053 303 1089 334 et
1120 296 1355 333 occasionem
1378 296 1581 341 impietatis
1615 296 1736 332 aufer-

962 348 1033 390 ret,
1070 345 1278 390 majorique
1303 343 1453 379 utilitati
1490 343 1664 379 Ecclesiae
1696 354 1737 380 se

965 395 1131 428 servaret
1148 405 1157 435 ;
1184 391 1364 434 secundo,
1379 390 1479 436 quod
1496 390 1663 425 nondum
1678 400 1738 426 ve-

964 443 1072 476 nerat
1092 443 1238 484 tempus
1260 437 1449 474 Passionis
1474 448 1549 472 suae
1568 437 1733 482 praefini—

963 490 1044 522 tum
1068 497 1089 522 a
1107 488 1230 530 Patre,
1266 485 1425 520 necdum
1450 484 1611 529 impletae
1633 486 1741 520 erant

966 534 1240 579 Prophetarum
1260 531 1483 578 Scripturas,
1503 531 1629 575 tertio,
1650 530 1740 577 quia

965 591 1042 616 non
1064 581 1195 616 aderat
1212 579 1329 622 locus,
1350 578 1491 614 scilicet
1510 578 1735 620 Jerusalem,

963 631 1068 663 extra
1089 637 1201 672 quam
1221 637 1298 662 non
1318 625 1387 661 suit
1412 625 1516 661 locus
1542 624 1738 661 Passionis

963 675 1069 720 ejus3
1093 677 1240 720 quarto,
1271 675 1424 718 propter
1462 672 1628 707 dandum
1662 670 1739 707 suis

962 721 1002 757 in
1023 721 1284 767 persecutione
1309 718 1478 764 fugiendi
1515 719 1740 764 exemplum,

961 779 1009 804 ne
1030 770 1116 813 suga
1137 777 1268 803 eorum
1288 765 1537 811 imputaretur
1555 765 1594 800 in
1614 775 1742 810 pecca-

962 818 1067 858 tum3
1091 815 1236 860 quinto,
1270 816 1423 858 propter
1450 811 1674 847 humilitatis
1705 814 1744 847 et

960 862 1150 908 patientias
1168 860 1363 904 indicium,
1378 869 1464 895 cum
1482 858 1599 904 possit
1613 858 1741 894 adver-

961 909 1081 944 sarios
1113 918 1200 943 suos
1229 907 1342 942 verbo
1372 916 1438 942 seu
1463 909 1554 941 nutu
1580 905 1742 951 dejicere

962 955 1002 991 in
1023 957 1224 1001 abyssum;
1251 956 1367 998 sexto,
1390 953 1438 989 ad
1466 952 1742 988 ostendendum

962 1013 1061 1038 verae
1084 1000 1326 1037 humanitatis
1349 999 1510 1045 signum,
1538 1010 1621 1035 cum
1655 999 1743 1035 licet

962 1049 1042 1095 ipse
1063 1051 1222 1084 mortem
1238 1058 1313 1083 non
1328 1046 1492 1090 timeret,
1504 1050 1631 1082 tamen
1649 1049 1741 1082 tam-

963 1107 1075 1141 quam
1097 1096 1208 1131 homo
1229 1094 1351 1139 fugita
1368 1093 1522 1130 consilio
1536 1093 1744 1139 malignan-

962 1144 1070 1179 tium.
1093 1144 1134 1178 In
1154 1152 1226 1187 quo
1248 1141 1361 1177 etiam
1378 1151 1447 1176 nos
1466 1140 1609 1185 docuit,
1632 1143 1673 1176 ut
1694 1140 1741 1177 ab

962 1190 1036 1225 illis
1057 1189 1290 1233 recedamus,
1312 1198 1405 1233 quos
1443 1186 1556 1224 bonis
1590 1186 1742 1223 monitis

963 1247 1113 1282 semper
1131 1235 1338 1271 deteriores
1359 1234 1441 1270 fieri
1459 1234 1628 1270 videmus
1650 1246 1659 1279 3
1682 1235 1745 1270 ho-

963 1284 1085 1319 mines
1114 1282 1216 1318 enim
1254 1282 1291 1317 in
1321 1281 1430 1317 malis
1466 1281 1647 1317 obstinati
1683 1280 1742 1316 vix

963 1333 1120 1376 possunt
1139 1340 1206 1375 per
1226 1329 1411 1365 rationem
1423 1328 1623 1373 compesci.
1637 1328 1741 1364 Unde

963 1378 1065 1413 idem
1093 1378 1364 1421 Chrysostomus
1386 1387 1396 1410 :
1421 1388 1439 1409 «
1461 1376 1590 1411 Sciens
1616 1378 1742 1411 autem

964 1424 1145 1460 Dominus
1177 1422 1375 1459 consilium
1394 1433 1524 1458 eorum
1545 1450 1554 1465 ,
1572 1433 1648 1457 non
1675 1421 1740 1458 diu

963 1470 1176 1514 contendit;
1203 1470 1283 1513 sed,
1310 1479 1386 1505 una
1410 1469 1557 1505 reddita
1579 1468 1741 1514 ratione,

962 1517 1132 1560 recessit,
1165 1527 1212 1552 ne
1246 1516 1365 1562 magis
1402 1515 1591 1551 insaniam
1613 1525 1742 1552 eorum

962 1564 1153 1607 excitaret,
1189 1563 1278 1609 quia
1310 1573 1387 1598 non
1420 1566 1544 1609 potest
1573 1563 1671 1607 fieri,
1701 1564 1742 1599 ut

964 1611 1108 1647 malitia
1128 1611 1276 1646 ratione
1310 1610 1493 1655 placetur.
1528 1608 1743 1654 Ignorantia

964 1658 1115 1704 quidem
1136 1657 1283 1693 ratione
1302 1657 1492 1703 placatur;
1520 1655 1663 1692 malitia
1677 1666 1744 1693 au·

963 1709 1039 1741 tem
1073 1704 1233 1750 amplius
1265 1703 1460 1740 excitatur.
1495 1703 1622 1740 Sciens
1653 1712 1742 1749 ergo

962 1755 1114 1799 paratos
1146 1752 1230 1787 illos
1253 1762 1335 1787 esse
1355 1751 1402 1787 ad
1428 1750 1742 1786 malefaciendum

962 1801 1121 1843 secessit,
1157 1809 1234 1834 non
1264 1797 1371 1843 quasi
1410 1797 1563 1833 timidus
1593 1798 1740 1834 subtra-

963 1846 1059 1882 hens
1073 1856 1112 1881 se
1139 1846 1186 1881 ab
1208 1844 1280 1888 eis;
1300 1845 1366 1880 sed
1393 1843 1499 1889 quasi
1522 1843 1738 1880 misericors

965 1903 1123 1939 parcens
1145 1891 1213 1935 eis,
1236 1902 1282 1927 ne
1302 1901 1367 1927 eos
1400 1891 1448 1926 ad
1469 1901 1561 1936 opus
1582 1890 1742 1937 impium

964 1939 1127 1985 amplius
1150 1937 1330 1974 irritaret.
1356 1938 1531 1980 Quamvis
1555 1937 1655 1973 enim
1678 1937 1742 1983 qui

964 1990 1118 2032 paratus
1140 1989 1196 2021 est
1211 1985 1351 2021 malum
1366 1985 1489 2020 facere
1508 1984 1604 2029 apud
1624 1986 1742 2021 Deum

959 2035 1040 2079 J'am
1060 2032 1146 2068 fecit
1165 2044 1173 2076 ;
1196 2035 1324 2068 tamen
1346 2031 1409 2077 qui
1432 2031 1607 2076 intelligit
1627 2041 1739 2077 para-

964 2085 1045 2116 tum
1063 2090 1146 2116 esse
1160 2079 1324 2124 aliquem
1338 2089 1432 2124 opus
1450 2078 1589 2114 malum
1604 2079 1740 2123 facere,

963 2131 1001 2163 et
1033 2126 1157 2162 irritat
1178 2137 1278 2170 eum,
1305 2126 1398 2162 dans
1432 2125 1467 2161 ei
1500 2124 1742 2161 occasionem

964 2177 1005 2211 ut
1031 2173 1220 2218 compleat
1247 2172 1402 2216 malum,
1435 2170 1516 2217 ipse
1554 2170 1741 2217 particeps

964 2223 1021 2257 est
1052 2220 1196 2266 peccati
1231 2219 1326 2265 ejus.
1367 2218 1507 2264 thuid
1542 2219 1643 2253 enim
1680 2228 1741 2255 res

965 2267 1064 2304 mala
1079 2277 1146 2312 per
1163 2270 1200 2302 te
1217 2265 1357 2302 exitum
1378 2276 1486 2301 suum
1510 2264 1684 2301 invenit?
1696 2266 1741 2301 Et

963 2314 1027 2361 qui
1042 2313 1121 2349 sine
1136 2316 1172 2349 te
1192 2313 1313 2349 fuerat
1324 2311 1528 2358 periturus,
1544 2315 1609 2347 aut
1625 2322 1742 2358 quan-

963 2365 1043 2398 tum
1061 2361 1110 2396 ad
1127 2360 1360 2396 voluntatem
1378 2369 1485 2395 suam
1507 2359 1587 2404 Jam
1608 2358 1737 2405 perdi·

963 2412 1023 2445 tus
1048 2411 1143 2451 erat,
1174 2405 1306 2452 utquid
1338 2416 1406 2452 per
1435 2409 1472 2442 te
1506 2405 1658 2451 impleta
1683 2406 1740 2442 est

963 2454 1124 2502 perditio
1154 2454 1259 2499 ejus?
1287 2466 1306 2486 >›
1341 2454 1422 2489 haec
1452 2454 1736 2497 Chrysostomus.

1010 2506 1031 2538 6
1046 2503 1281 2540 InrtnnisAsE
1295 2511 1439 2536 connis
1461 2500 1634 2536 Cnmsrus
1651 2511 1740 2536 PRAE-

961 2560 1112 2593 eipmNs,
1132 2560 1178 2584 NE
1203 2558 1358 2583 anriAn
1383 2558 1564 2582 nncnrmt
1589 2557 1737 2582 mmm·

963 2608 1053 2632 sun
1083 2606 1245 2639 FAClANT,
1275 2605 1454 2630 vtrANDAn
1480 2605 1563 2629 esse
1596 2602 1737 2629 LAUDEM

963 2654 1134 2679 HUMANAM
1155 2652 1280 2678 nocer.
1301 2661 1347 2667 —
1370 2643 1418 2677 Et
1436 2642 1557 2684 multi,
1577 2638 1733 2685 infirmi,

963 2691 1077 2726 secuti
1097 2692 1182 2725 sunt
1202 2698 1294 2733 eum,
1316 2699 1359 2723 ex
1379 2698 1422 2724 eo
1443 2687 1542 2733 quod
1563 2686 1736 2722 viderant

963 2737 1185 2784 praedictum
1202 2734 1395 2771 hominem
1413 2737 1598 2778 curatum,
1621 2736 1654 2769 et
1673 2743 1734 2769 cu-

962 2787 1062 2821 ravit
1093 2794 1151 2820 eos
1187 2793 1320 2826 omnes,
1346 2791 1595 2819 remunerans
1619 2780 1734 2818 fidem
