1894 3186
148 178 206 211 154
643 185 787 219 PRIMAE
823 186 975 221 PARTIS
1013 185 1149 220 CAPUT
1185 185 1279 218 LXV

143 257 250 285 eum:
273 249 372 301 unde
392 253 429 286 et
443 251 513 305 hoec
534 254 635 299 quod
654 255 822 293 veritatis
845 259 915 298 est,

143 297 180 331 et
196 294 363 340 honoris,
378 307 445 343 pro
464 300 649 346 vltuperio
664 301 847 339 inducunt
864 302 919 339 di-

141 344 269 394 centes
292 354 377 396 eum
396 346 498 387 fabri
518 349 649 393 filium,
672 360 738 386 seu
757 350 916 387 fabrum.

140 389 242 442 Sicut
261 400 362 444 enlm
381 392 493 429 Pater
511 405 580 440 per
602 396 735 433 Filium
758 397 795 433 in
815 397 917 443 prin-

139 445 236 482 cipio
249 447 374 474 omma
386 438 582 477 fabricavit
599 453 608 486 ;
625 443 768 490 sicipse
785 444 914 488 FiliuS‚

138 493 203 529 per
227 494 332 537 quem
357 489 478 522 omnia
493 490 596 532 facta
624 495 721 534 sunt,
747 491 915 527 omnium

141 530 344 583 fabricator
378 533 514 580 existit,
551 540 591 572 ut
624 548 710 574 vere
743 542 779 574 et
817 537 915 573 fabri

142 577 255 623 filius,
277 582 313 615 et
331 579 438 617 faber
455 581 528 618 dici
547 584 676 629 possit.
702 586 743 621 In
764 585 915 621 illorum

142 634 234 678 ergo
253 636 380 678 errore
396 628 537 665 veritas
556 630 660 676 latet,
677 642 765 668 nam
783 631 915 676 utique

141 671 237 726 fabri
262 673 361 709 filius
381 679 463 712 erat
481 687 489 720 ;
511 677 577 712 sed
595 688 671 713 non
691 679 790 714 illius
809 679 916 724 cujus

140 729 211 772 ipsl
233 722 431 773 putabant,
466 723 530 759 sed
562 724 811 761 Fabricatoris
832 735 916 761 om-

139 776 257 811 mum,
281 778 343 812 qui
374 770 578 811 fabricatus
612 775 665 807 est
687 782 861 807 aurorum
883 775 916 807 et

140 814 261 851 solem.
287 814 324 849 id
359 818 415 851 est
442 817 645 853 Ecclesiam
683 817 917 863 primitivam

139 863 176 897 et
195 865 428 905 sequentem.
455 864 589 908 Magna
614 865 761 901 61661165
783 876 917 902 60111111

140 910 233 959 6161,
256 908 355 952 quia,
378 920 461 945 cum
482 910 521 946 111
547 911 671 947 verbis
692 915 726 947 et
749 913 855 948 factis
874 912 918 948 il-

140 954 210 989 llus
237 954 424 991 Christum
451 967 680 1003 cognoscere
706 963 883 1005 poterant
908 971 916 1004 ;

139 1003 317 1053 attamen,
341 1006 492 1055 propter
518 1005 668 1041 humilis
689 1010 725 1042 et
745 1007 920 1053 pauperis

139 1058 290 1094 generis
304 1050 488 1095 notitiam,
502 1061 586 1087 eum
608 1055 917 1098 contemnebaut;

141 1098 176 1131 et
204 1105 247 1131 ex
272 1096 452 1141 parvitate
474 1099 624 1143 generis
644 1104 679 1136 et
702 1100 919 1138 infirmitate

142 1145 280 1195 earnis,
306 1144 481 1180 volebant
500 1146 546 1181 ab
568 1157 611 1182 eo
633 1148 829 1184 excludere
852 1159 919 1195 po-

141 1192 297 1225 tentiam
319 1192 539 1237 maJ'estatis.

190 1239 211 1272 6
244 1238 386 1274 NULLus
417 1240 607 1277 Pnopffim
636 1253 671 1277 ix
707 1253 832 1278 parma
856 1254 918 1278 Ac-

143 1292 286 1336 cErTus.
319 1306 362 1311 —
396 1287 439 1321 Et
466 1289 566 1331 quia,
598 1289 736 1325 auditis
763 1290 917 1326 famosis

143 1332 330 1367 miraculis
349 1333 394 1369 ab
411 1344 452 1369 60
470 1334 686 1379 frequenter
703 1337 739 1371 in
758 1337 918 1381 Caphar-

143 1387 256 1414 naum
276 1379 392 1424 sactis,
407 1380 459 1416 illi
477 1381 521 1417 de
536 1383 717 1418 Nazareth
734 1383 917 1426 indignati

142 1430 230 1461 sunt
245 1431 375 1461 contra
390 1438 489 1467 eum.
508 1439 575 1463 nec
590 1430 793 1465 credebant
809 1432 919 1467 mira-

143 1472 226 1508 cula
238 1474 315 1517 6165
328 1484 408 1508 6556
425 1485 523 1518 vera,
536 1476 609 1520 ipse
623 1477 772 1511 intuens
788 1487 917 1513 eorum

143 1519 269 1563 corda,
305 1520 555 1565 objectionem
597 1532 727 1558 eorum
765 1525 917 1559 tacitam

143 1565 360 1612 sibimetipsi
381 1568 528 1612 objecit,
544 1573 585 1604 ut
599 1569 645 1605 ad
664 1580 744 1605 66111
761 1581 917 1616 congru-

142 1618 248 1649 enter
267 1615 518 1659 responderet.
540 1616 642 1652 Unde
656 1617 827 1653 subditur
844 1630 852 1654 :
871 1620 918 1654 Et

141 1662 196 1695 ait
212 1662 289 1696 illis
306 1662 421 1705 ι165115,
442 1663 582 1698 56111661
603 1663 740 1700 Scribis
762 1668 798 1700 et
817 1665 917 1700 Pha-

142 1707 280 1759 risaeis:
299 1711 428 1754 Utique
443 1710 570 1746 dicetis
586 1711 762 1757 mthz'‚qui
778 1712 917 1748 multos

143 1764 179 1790 111
199 1755 460 1800 Capharnaum
477 1758 618 1801 curavi,
637 1759 729 1794 hanc
743 1760 917 1795 similitu-

142 1801 274 1853 dt'nem,
297 1803 333 1837 id
354 1809 407 1839 est
428 1805 675 1850 objectionem
695 1816 717 1841 a
737 1805 913 1842 similitu-

144 1848 228 1883 dine
247 1850 378 1885 medici
399 1851 602 1895 corporalis
617 1851 665 1887 ad
684 1852 917 1897 spiritualem

140 1900 354 1939 sumptam:
380 1898 530 1940 Medice,
562 1909 649 1934 cura
682 1901 850 1945 teipsum,
880 1900 917 1935 id

142 1944 199 1978 est
223 1946 307 1995 tuos
335 1946 611 1989 compatriotas,
637 1946 770 1990 quibus
797 1947 916 1992 magis

144 1991 284 2042 teneris
304 1991 519 2035 impendere
539 1993 763 2029 beneficium
784 1994 918 2029 carita-

143 2040 201 2072 115.
225 2037 327 2072 Sicut
352 2038 453 2074 enim
477 2040 641 2075 medicus
669 2051 780 2076 verus
809 2041 919 2076 citius

144 2086 182 2119 et
199 2083 376 2120 libentius
397 2090 503 2122 curat
520 2086 682 2132 scipsum
707 2092 743 2123 ct
762 2088 853 2123 alios
873 2088 920 2123 ad

146 2139 184 2165 se
218 2133 446 2183 pertinentes
480 2144 591 2179 quam
626 2138 834 2179 extraneos,
869 2135 921 2170 ita

146 2180 182 2212 et
203 2188 236 2212 61
255 2178 429 2216 dicebant
451 2191 459 2217 :
483 2181 520 2217 Si
537 2185 578 2217 tu
593 2180 734 2217 faceres
748 2192 837 2217 vera
851 2182 921 2218 mi-

146 2225 288 2270 racula,
319 2227 426 2262 eitius
456 2227 596 2264 faceres
624 2239 681 2273 ea,
710 2229 747 2264 in
772 2228 920 2264 civitate

146 2274 223 2316 tua,
242 2274 278 2307 et
310 2275 429 2317 potius
455 2275 553 2310 inter
583 2275 810 2321 propinquos
837 2280 921 2312 tuos

147 2326 259 2370 quam
284 2319 383 2355 inter
408 2325 617 2358 extraneos.
643 2323 747 2358 Unde
771 2322 923 2369 subjun-

146 2369 248 2410 gitur
275 2380 283 2400 :
312 2366 467 2411 Quanta,
494 2368 687 2414 miracula,
713 2370 922 2405 audivimus

144 2412 247 2455 sacta
265 2423 287 2448 a
309 2418 345 2449 te
371 2415 410 2449 in
435 2415 703 2460 Gapharnaum,
723 2417 785 2460 fac
810 2420 843 2452 et
863 2418 921 2453 hic

145 2460 186 2496 in
209 2462 336 2505 patria
362 2464 439 2504 tua,
458 2461 496 2496 id
517 2466 571 2497 est
596 2462 636 2498 in
661 2467 726 2499 tua
756 2462 918 2507 civitate,

146 2507 210 2543 ubi
241 2512 438 2552 conceptus
469 2518 507 2543 es
533 2512 571 2544 et
600 2510 777 2554 nutritus,
796 2513 853 2546 tot
884 2514 921 2546 et

145 2556 251 2590 tanta
277 2558 317 2589 ut
339 2554 533 2590 credamus
556 2567 564 2592 ε
590 2556 691 2601 quia,
717 2567 802 2602 quae
829 2556 920 2593 facis

147 2601 249 2647 apud
269 2600 510 2647 alienigenas,
532 2603 650 2648 magis
665 2603 778 2639 debes
798 2603 920 2640 facere

148 2647 247 2693 apud
270 2650 355 2683 tuos
380 2649 657 2694 compatriotas,
678 2651 796 2696 magis
821 2651 921 2686 enim

148 2695 288 2731 teneris
299 2694 483 2731 beneficia
502 2695 717 2741 impendere
735 2697 808 2732 tuis
824 2708 921 2733 com-

150 2742 332 2787 patriotis,
346 2752 458 2787 quam
476 2742 620 2778 alienis,
637 2743 749 2786 Quasi
767 2743 892 2780 dicant
907 2759 917 2781 ε

150 2788 265 2825 Multa
282 2788 492 2824 audivimus
511 2800 534 2825 a
551 2793 588 2824 te
608 2788 706 2826 facta
726 2790 919 2835 miracula,

992 258 1056 293 sed
1070 267 1145 293 non
1163 257 1346 293 credimus
1364 256 1465 302 quod
1483 257 1625 293 incerta
1639 256 1768 303 vulga·

991 304 1044 340 vit
1063 304 1175 347 fama,
1193 314 1276 340 cum
1294 305 1395 349 apud
1415 314 1483 339 nos
1506 303 1595 339 nihil
1617 303 1692 340 tale
1714 303 1767 340 fe-

991 352 1101 395 ceris,
1122 351 1254 397 quihus
1275 350 1559 387 convenientius
1579 351 1671 387 talia
1695 350 1764 387 im-

992 399 1189 444 pendenda
1218 402 1325 434 erant
1353 398 1535 435 beneficia
1561 407 1674 444 quam
1705 407 1765 433 ce-

990 446 1092 481 teris.
1108 445 1180 481 Sed
1199 444 1394 491 Dominus,
1412 449 1685 491 consequenter
1698 454 1767 480 re-

989 492 1192 537 spondens,
1213 491 1376 528 ostendit
1397 492 1495 538 quod
1511 503 1585 528 non
1601 491 1766 527 dimitte-

991 540 1056 575 bat
1075 540 1172 575 inter
1193 549 1254 575 eos
1271 538 1395 575 facere
1416 539 1597 575 miracula
1616 541 1768 584 propter

993 587 1119 622 odium
1133 586 1345 631 patriae‚vel
1362 585 1548 632 defectum
1565 586 1741 630 potentiae
1756 595 1766 628 ;

992 633 1056 669 sed
1080 636 1233 679 propter
1259 642 1390 668 eorum
1408 633 1713 669 incredulitatem
1733 636 1769 667 et

992 680 1186 716 malitiam.
1213 679 1320 722 Quod
1358 679 1460 715 enim
1498 680 1549 715 ibi
1585 679 1768 715 miracula

991 737 1068 762 non
1100 726 1271 770 faciebat,
1297 735 1373 762 non
1406 729 1486 762 erat
1518 730 1671 771 propter
1696 726 1768 761 1106

993 774 1091 819 quod
1116 774 1276 819 patriam
1295 783 1402 809 suam
1420 773 1641 817 despiceret,
1654 781 1767 819 quam

992 831 1058 857 sua
1079 820 1324 865 conceptione
1346 824 1383 856 61
1403 820 1625 856 educatione
1646 821 1766 856 hono·

992 871 1152 908 raverat,
1180 867 1236 902 vel
1271 871 1424 913 propter
1459 868 1528 902 1106
1562 866 1661 912 quod
1690 865 1768 912 ipse

993 916 1179 960 impotens
1204 918 1320 959 esset3
1338 915 1402 950 sed
1427 914 1513 959 quia
1534 913 1603 959 ipsi
1625 913 1767 958 indigni

994 967 1112 997 erant.
1136 963 1179 996 Et
1203 962 1249 996 ad
1273 962 1342 996 1106
1363 961 1506 996 inducit
1530 971 1646 996 sacrae
1670 959 1768 995 Scri-

995 1013 1111 1053 pturae
1140 1008 1319 1053 exempla.
1349 1008 1453 1043 Unde
1479 1008 1675 1053 sequitur:
1701 1007 1768 1042 Ait

993 1059 1112 1091 antem
1133 1057 1234 1090 Jeszcs
1252 1067 1264 1092 .·
1284 1056 1412 1096 Amen,
1436 1054 1472 1089 id
1493 1058 1545 1090 est
1566 1065 1666 1097 vere,
1686 1053 1767 1089 dico

994 1104 1106 1143 vobis,
1124 1104 1211 1148 quia
1226 1113 1324 1138 nemo
1343 1103 1519 1147 Propheta
1536 1104 1701 1147 acceptus
1718 1103 1770 1135 est

992 1152 1031 1185 in
1050 1153 1173 1195 patria
1196 1160 1278 1194 sua,
1301 1151 1339 1184 iu
1361 1160 1434 1194 qua
1455 1153 1564 1185 natus
1585 1153 1652 1192 est,
1673 1150 1707 1184 et
1729 1149 1769 1183 in

992 1198 1094 1232 domo
1120 1207 1200 1238 suci,
1223 1208 1265 1232 ex
1289 1206 1363 1242 qua
1390 1196 1595 1231 secundum
1617 1204 1769 1231 carnem

993 1245 1190 1289 processit3
1220 1248 1256 1279 et
1283 1243 1368 1287 hoc,
1395 1247 1435 1278 ut
1463 1244 1500 1278 in
1525 1242 1692 1288 pluribus
1725 1251 1767 1276 ac

992 1301 1076 1326 cum
1116 1291 1241 1326 debito
1281 1291 1424 1326 honore
1464 1294 1499 1325 61
1541 1288 1765 1324 reverentia.

992 1339 1109 1373 Minus
1134 1338 1234 1373 enim
1256 1337 1353 1372 Elias
1378 1340 1415 1372 et
1435 1337 1547 1371 ceteri
1570 1336 1768 1380 Prophetae

992 1384 1028 1419 in
1052 1385 1128 1419 suis
1157 1383 1369 1419 civitatibus
1400 1382 1552 1417 fuerunt
1576 1383 1765 1426 honorati,

993 1441 1105 1476 quam
1121 1431 1159 1466 in
1179 1431 1280 1474 aliis;
1302 1429 1414 1466 isaias
1433 1430 1532 1464 enim
1549 1433 1684 1473 sectus,
1703 1430 1766 1465 Je-

991 1478 1128 1513 remias
1151 1478 1403 1513 incarceratus
1428 1480 1465 1511 et
1485 1475 1598 1512 ceteri
1619 1475 1766 1520 vitupe-

992 1524 1076 1560 rati.
1100 1526 1175 1559 Mos
1202 1525 1303 1559 enim
1330 1527 1366 1559 et
1390 1533 1485 1568 pene
1506 1522 1675 1558 naturale
1697 1527 1765 1567 est,

992 1572 1090 1607 cives
1104 1571 1245 1606 civibus
1256 1570 1444 1614 invidere;
1462 1573 1499 1605 et
1513 1580 1588 1605 non
1606 1579 1766 1614 111665611-

992 1620 1043 1654 tia
1056 1619 1122 1653 viri
1135 1628 1250 1663 opera
1264 1628 1331 1653 nec
1344 1617 1500 1652 virtutes
1513 1617 1764 1662 considerare,

991 1666 1057 1702 sed
1090 1664 1257 1701 infantiae
1288 1664 1530 1711 fragilitatem
1557 1663 1762 1708 recordari,

992 1713 1098 1759 quasi
1126 1723 1200 1748 non
1228 1716 1265 1748 et
1290 1712 1358 1757 ipsi
1380 1721 1446 1757 per
1472 1711 1626 1747 eosdem
1646 1710 1766 1746 aetatis

992 1760 1130 1806 gradus
1147 1759 1193 1795 ad
1214 1762 1401 1795 maturam
1422 1761 1571 1794 aetatem
1592 1767 1767 1803 pervene-

991 1808 1088 1849 rint;
1113 1806 1201 1841 dum
1225 1807 1324 1841 enim
1354 1804 1444 1840 civis
1472 1808 1508 1840 et
1536 1804 1767 1840 contribulus

991 1854 1036 1888 ad
1052 1852 1208 1898 alicujus
1226 1851 1372 1888 virtutis
1385 1851 1442 1887 vel
1459 1851 1655 1897 probitatis
1673 1852 1766 1886 emi-

992 1901 1159 1935 nentiam
1181 1899 1361 1942 ascendit,
1385 1899 1538 1944 ejusque
1563 1898 1660 1934 fama
1685 1907 1767 1933 cre-

990 1947 1073 1991 scit,
1087 1947 1259 1982 concives
1272 1950 1309 1982 et
1322 1945 1524 1981 contribuli
1541 1945 1694 1990 quinon
1712 1946 1765 1981 sic

992 1995 1206 2039 laudantur,
1221 1993 1306 2029 inde
1318 1992 1467 2039 gravius
1484 1992 1717 2033 sauciantur,
1730 1994 1767 2028 et

993 2042 1180 2077 aestimant
1199 2051 1237 2076 se
1260 2040 1463 2083 contemni,
1483 2039 1514 2075 si
1532 2039 1584 2074 eis
1602 2038 1712 2074 laude
1733 2043 1769 2075 et

993 2088 1092 2124 fama
1112 2086 1318 2133 probitatis,
1340 2087 1547 2132 praesertim
1566 2086 1689 2121 minor
1707 2096 1769 2131 ge-

994 2146 1098 2179 nere,
1123 2134 1355 2180 praeferatur.
1387 2134 1482 2168 Hinc
1515 2133 1698 2168 habemus
1729 2132 1767 2167 in

994 2182 1129 2227 Joseph
1163 2181 1373 2226 exemplum
1406 2183 1576 2225 respectu
1608 2178 1766 2215 fratrum

994 2238 1159 2265 suorum.
1178 2228 1281 2264 Unde
1300 2227 1495 2273 contingit,
1508 2225 1608 2272 quod
1623 2225 1768 2261 facilius

994 2279 1259 2322 promoventur
1273 2274 1443 2310 homines
1454 2272 1494 2309 in
1508 2278 1610 2308 terra
1627 2272 1765 2317 aliena,

994 2332 1106 2369 quam
1120 2321 1158 2358 in
1174 2321 1294 2368 patria
1313 2321 1476 2366 propria.
1492 2317 1635 2356 Idcirco
1653 2319 1767 2365 igitur

994 2380 1069 2405 non
1083 2379 1171 2405 curo
1186 2367 1346 2414 patriam
1360 2367 1594 2413 meam‚quia
1610 2367 1643 2402 ei
1657 2376 1765 2402 acce—

995 2419 1078 2462 ptus
1092 2426 1168 2451 non
1184 2425 1278 2455 511111,
1292 2419 1328 2451 61
1347 2415 1435 2460 quia
1448 2414 1562 2449 fidem
1577 2414 1616 2449 in
1629 2423 1674 2449 ea
1689 2423 1766 2449 non

994 2464 1158 2507 invenio,
1171 2466 1208 2498 et
1216 2462 1410 2497 mihisicut
1419 2460 1533 2497 ceteri
1542 2471 1618 2496 non
1625 2459 1762 2504 credit;

993 2514 1172 2556 tantoque
1189 2509 1311 2544 minus
1324 2518 1383 2544 me
1404 2508 1605 2554 cognoscit,
1625 2510 1764 2552 quanto

993 2558 1074 2604 plus
1096 2566 1170 2601 prae
1190 2555 1322 2591 ceteris
1341 2565 1401 2590 me
1419 2558 1550 2590 notum
1570 2553 1714 2590 habuit.

1040 2619 1060 2650 7
1073 2603 1148 2640 Cua
1159 2604 1320 2639 Donamus
1330 2613 1448 2638 NULLA
1458 2612 1563 2637 smNA
1572 2610 1716 2636 166111111-
1728 2610 1765 2636 m

993 2652 1182 2687 NAZARETH
1195 2648 1270 2695 ?,«-
1293 2650 1338 2684 Et
1355 2649 1444 2695 quia
1462 2658 1539 2684 non
1559 2651 1639 2683 erat
1656 2656 1764 2683 acce-

994 2702 1077 2743 ptus
1097 2698 1162 2742 eis,
1184 2706 1252 2732 nec
1277 2696 1311 2731 ei
1331 2695 1547 2740 credebant,
1568 2693 1667 2739 ideo,
1686 2693 1763 2729 vir-

994 2748 1086 2780 tutes
1103 2744 1250 2787 multem,
1262 2743 1299 2778 id
1320 2746 1374 2778 est
1393 2743 1503 2788 signa
1519 2745 1557 2778 et
1568 2739 1763 2785 miracula,

992 2792 1046 2827 ibi
1071 2792 1190 2835 facere
1208 2800 1279 2825 non
1301 2791 1456 2835 poterat,
1477 2798 1553 2824 non
1579 2787 1624 2823 de
1644 2785 1765 2833 impo-
