1894 3186
270 175 328 208 DE
366 173 497 207 VERB.
538 174 658 214 DOM.,
698 174 829 209 PROP.
868 173 961 213 QUAE
999 172 1171 213 QUIDAM
1208 174 1354 210 RErsso
1393 179 1632 215 ABIERUNT.
1719 183 1770 217 191

126 256 195 291 me,
216 246 263 283 ab
280 244 487 281 ambitione
509 242 674 286 plurium
692 243 911 279 reddituum

128 293 385 336 ecclesiarum,
407 302 450 327 ac
468 290 722 326 celebratione
746 291 910 336 plurium

129 341 345 384 missarum,
368 343 402 375 et
420 340 574 384 propter
586 337 657 373 alia
677 337 909 384 hujusmodi,

127 399 198 425 non
214 390 303 434 quia
324 388 470 422 vidistis
491 387 612 429 siqua,
640 384 677 420 id
707 391 762 421 est
795 397 911 431 opera

129 433 169 471 in
198 435 334 482 quibus
359 432 482 469 velitis
503 443 562 468 me
584 433 737 478 imitari,
763 434 808 469 de
829 432 911 479 qui-

132 483 234 519 bus:
262 483 289 518 O
320 482 482 521 Domine,
503 482 565 523 fac
600 491 736 516 mecum
766 483 911 525 sianum

129 531 170 566 in
215 530 357 572 bonum,
386 528 438 564 ait
464 527 683 574 Psalinista3
719 529 781 564 sed
823 530 912 573 quia

129 577 379 613 manducastis
399 587 442 611 ex
459 576 667 611 redditibus
693 579 728 611 et
751 576 910 612 oblatio-

129 624 255 667 nibus,
271 634 339 659 nec
361 627 488 658 tamen
506 623 663 672 saturati
685 624 788 667 estis,
807 624 909 669 quia,

126 671 333 707 secundum
349 670 490 706 dictum
511 680 712 706 commune
732 682 741 706 :

172 741 248 785 Quo
269 742 358 787 plus
383 744 468 777 sunt
490 743 595 787 potae,
622 741 708 787 plus
731 741 911 834 sitff'untur

788 800 906 834 aquae.

126 861 183 897 Ita
222 858 335 896 etiam
375 862 430 895 est
470 859 517 896 de
551 859 766 906 cupiditatis
793 871 905 906 pane.

125 907 230 945 Unde
252 907 447 951 Gregorius
466 919 477 942 .·
501 919 519 942 «
548 908 601 943 De
623 908 780 953 panibus
804 908 905 944 enim

124 954 277 992 fuerant
309 954 489 999 saturati3
520 957 557 990 et
578 965 645 1000 per
665 965 796 990 eorum
817 966 903 1000 per-

125 1012 257 1039 sonam
291 1003 473 1038 Dominus
507 1002 590 1037 illos
616 1001 717 1037 intra
737 1005 905 1038 sanctam

124 1050 331 1086 Ecclesiam
352 1050 574 1093 detestatur,
594 1049 658 1094 qui
685 1060 752 1093 per
778 1060 906 1086 sacros

127 1097 289 1134 Ordines
304 1097 350 1132 ad
371 1095 572 1138 Dominum
591 1095 903 1142 propinquantes,

128 1155 207 1181 non
247 1145 285 1179 in
312 1144 455 1179 eisdem
483 1143 686 1179 Ordinibus
723 1145 905 1179 virtutum

126 1192 278 1235 merita,
309 1192 374 1226 sed
403 1190 568 1226 subsidia
594 1191 680 1225 vitae
708 1192 906 1236 praesentis

123 1239 348 1285 exquirunt3
368 1248 437 1273 nec
457 1238 622 1283 cogitant
643 1236 732 1282 quid
747 1239 906 1273 vivendo

125 1286 266 1322 imitari
294 1286 469 1328 debeant,
490 1285 556 1320 sed
579 1295 661 1329 quac
683 1286 907 1331 compendia

126 1333 370 1380 percipiendo
386 1333 581 1367 satientur.
597 1331 758 1368 Satiatos
770 1332 907 1378 qnippe

126 1380 174 1417 de
206 1380 368 1427 panibus
407 1378 608 1415 Dominum
629 1378 749 1425 sequi,
772 1384 827 1415 cst
860 1381 905 1415 de

125 1432 258 1464 sancta
290 1427 458 1462 Ecclesia
482 1427 707 1472 temporalia
726 1427 905 1463 alimenta

122 1474 338 1521 sumpsisse,
362 1478 399 1509 et
434 1484 511 1509 non
543 1484 612 1519 pro
636 1473 752 1520 signis
777 1475 904 1510 Domi-

121 1532 228 1568 num,
249 1522 314 1557 sed
342 1532 411 1567 pro
439 1521 601 1566 panibus
635 1531 825 1566 quaerere;
849 1525 905 1557 est

122 1570 170 1607 ad
191 1568 384 1613 religionis
408 1568 574 1604 osticium
600 1578 676 1604 non
699 1579 764 1613 pro
786 1579 903 1614 agen-

124 1617 182 1654 dis
208 1616 426 1659 virtutibus,
461 1616 526 1651 sed
560 1626 628 1661 pro
666 1614 904 1661 requirendis

122 1663 301 1701 subsidiis
321 1662 592 1708 temporalibus
611 1661 771 1698 inhiare.
793 1675 811 1696 »
835 1664 906 1699 Un-

121 1711 169 1747 de
201 1714 239 1747 et
269 1712 540 1755 Chrysostomus
562 1722 572 1745 ι
593 1722 611 1744 1(
632 1710 827 1746 Discamus
848 1720 904 1746 as-

119 1758 252 1795 sistere
272 1760 372 1802 Jesu‚
391 1758 457 1793 sed
490 1767 569 1792 non
603 1760 756 1803 propter
780 1756 903 1793 datio-

120 1816 211 1843 nem
238 1804 490 1848 sensibilium,
512 1807 552 1839 ut
582 1815 659 1839 non
697 1805 902 1850 exprobre-

121 1863 315 1898 mur,secu
323 1853 436 1887 ndum
447 1851 612 1888 Judaeos.
626 1853 771 1887 Etenim
786 1867 793 1888 ε
807 1853 907 1895 Quae-

118 1902 204 1937 ritis
224 1910 292 1940 me,
316 1899 380 1943 ait,
403 1910 474 1934 non
497 1900 586 1944 quia
610 1899 759 1934 vidistis
777 1901 905 1943 siqua,-

118 1948 199 1992 sed,
225 1949 314 1992 quia
350 1946 566 1981 comedistis
587 1949 624 1981 et
653 1947 905 1982 manducastis

121 2005 167 2031 ew
188 1995 362 2040 panibus,
381 1996 413 2028 et
438 1994 598 2028 saturati
621 1995 720 2028 estis.
748 1995 906 2039 Propter

122 2043 197 2079 hoc
212 2051 334 2087 neque
351 2040 527 2076 continue
544 2040 632 2076 facit
649 2040 720 2075 hoc
734 2041 902 2086 signum;

123 2089 192 2126 sed
228 2088 391 2125 secundo
429 2087 565 2131 solum,
584 2091 625 2123 ut
659 2087 806 2123 erudiat
841 2098 905 2123 eos

120 2147 199 2173 non
220 2135 343 2172 ventri
368 2134 523 2180 servire,
552 2135 617 2170 sed
644 2134 904 2180 spiritualibus

122 2184 318 2221 adhaerere
341 2183 530 2218 continue.
549 2182 612 2217 His
629 2181 755 2228 itaque
774 2182 902 2218 adhae-

121 2241 275 2268 reamus
296 2233 333 2266 et
357 2241 440 2275 nos,
462 2232 499 2265 et
530 2239 745 2275 quaeramus
765 2240 902 2276 panem

122 2279 333 2322 coelestem3
372 2281 409 2313 et
457 2276 708 2322 accipientes,
748 2288 900 2313 omnem

119 2326 364 2373 projiciamus
403 2324 491 2360 vitae
530 2324 642 2371 hujus
684 2324 902 2360 sollicitudi-

119 2383 221 2410 nem.
266 2385 284 2406 »
328 2372 433 2408 Unde
471 2370 584 2408 etiam
618 2372 850 2416 Anqustvjmis
889 2385 900 2407 .·

122 2434 142 2454 «
169 2421 291 2464 Quam
314 2419 422 2455 multi
451 2429 527 2454 non
556 2423 730 2464 quaerunt
755 2420 900 2464 Jesum,

119 2468 193 2504 nisi
231 2469 272 2503 ut
308 2466 381 2501 illis
419 2465 531 2502 faciat
559 2466 656 2502 bene
693 2467 900 2502 secundum

119 2514 292 2561 tempus!
314 2514 417 2549 Alius
430 2514 721 2560 negotiationem
740 2514 899 2559 habens,

121 2561 259 2608 quaerit
310 2559 619 2597 intercessionem
659 2560 897 2597 clericorum.

120 2608 224 2646 Alius
243 2607 429 2654 premitur
447 2618 470 2643 a
490 2608 715 2653 potentiore,
739 2608 833 2654 fugit
852 2608 899 2643 ad

120 2656 340 2693 Ecclesiam.
365 2655 469 2690 Alius
488 2655 567 2691 vult
594 2666 662 2702 pro
681 2666 719 2690 se
742 2656 901 2690 interve—

122 2702 199 2739 niri
231 2703 332 2747 apud
364 2712 463 2745 eum,
483 2702 582 2748 apud
619 2712 731 2748 quem
767 2712 899 2747 parum

121 2750 236 2787 valet.
259 2750 323 2785 llle
343 2750 419 2794 sic;
445 2749 508 2785 ille
527 2749 593 2786 sic.
614 2750 795 2796 Impletur
811 2760 902 2794 quo-

121 2796 216 2835 tidie
234 2796 375 2834 talibus
410 2796 589 2835 Ecclesia.
614 2796 684 2835 Vix
714 2797 901 2844 quaeritur

986 245 1111 284 Jesus,
1155 248 1308 289 propter
1346 248 1486 285 Jesum,
1527 264 1545 281 »
1589 252 1693 288 Unde
1735 257 1771 289 et

986 292 1084 327 Beda
1112 304 1122 326 :
1147 307 1165 324 «
1190 292 1244 327 Illi
1281 293 1393 330 etiam
1423 297 1485 342 qui
1523 298 1559 333 in
1600 300 1772 338 oratione

987 344 1161 385 quaertint
1182 351 1255 375 non
1272 344 1428 387 {etei-na,
1446 345 1509 379 scd
1528 348 1771 394 temporalia;

988 390 1162 432 quaeruut
1181 389 1309 423 Jesum
1343 399 1418 425 non
1449 398 1602 436 propter
1628 396 1771 441 Jesum,

987 435 1052 469 sed
1077 438 1231 479 propter
1259 435 1402 481 aliquid
1428 438 1543 474 aliud.
1564 454 1582 472 »
1605 443 1662 485 Et,
1685 444 1775 487 quia

987 481 1109 517 turbae
1145 482 1184 518 in
1220 483 1292 518 hoc
1330 486 1599 531 operabantur,
1632 489 1774 526 scilicet

988 530 1184 574 sequendo
1220 529 1410 566 Christum
1455 539 1609 579 propter
1648 536 1775 574 cibum

988 577 1246 622 corporalem;
1287 578 1431 614 inducit
1473 591 1537 615 cos
1575 582 1622 617 ad
1659 594 1776 628 opera

988 623 1198 669 meritoria,
1228 628 1269 660 ut
1300 625 1348 661 ad
1383 626 1633 664 reficiendum
1669 641 1772 676 qute-

986 675 1074 707 rant
1092 671 1217 708 cibum
1240 673 1490 719 spiritualem.

1035 732 1053 753 2
1079 719 1274 755 OrnaAuno
1314 732 1533 760 QUAERENDUS
1572 734 1635 758 nsi*
1671 736 1773 761 cuins

987 776 1219 811 SPIRITUALIS‚
1232 779 1267 802 111
1289 780 1351 803 nsr
1371 780 1460 804 orus
1478 781 1711 809 MERITORIUM.
1726 793 1771 799 ——

986 814 1089 849 Unde
1102 820 1274 860 satagens
1289 816 1471 852 Dominus
1486 828 1617 853 eorum
1633 819 1772 856 satiare

985 865 1143 906 mentes,
1176 873 1339 907 quorum
1370 863 1573 900 satiaverat
1602 870 1768 912 ventres,

983 907 1141 943 alterum
1173 909 1226 945 eis
1257 921 1392 954 panem
1418 911 1595 957 ostendit,
1621 917 1658 949 et
1684 913 1737 950 ait
1762 926 1770 952 :

984 955 1208 1000 Operaminz',
1231 956 1270 993 id
1299 961 1356 994 est
1377 959 1567 1004 operando
1595 961 1768 1008 quaerite,

982 1012 1050 1037 5611
1077 1003 1254 1048 operibus
1288 1005 1523 1045 mereamini.
1551 1018 1622 1042 non
1649 1009 1769 1045 cibum

984 1051 1049 1094 qui
1063 1053 1173 1095 perit,
1190 1051 1331 1087 scilicet
1349 1053 1582 1097 corporalem
1598 1065 1607 1100 3
1627 1056 1690 1090 sed
1705 1057 1771 1101 qui

979 1102 1170 1141 permanet
1196 1101 1235 1134 in
1265 1100 1381 1134 vitam
1409 1103 1600 1145 aeternam,
1627 1102 1771 1139 scilicet

983 1143 1108 1179 cibum
1133 1144 1382 1191 spiritualem,
1406 1146 1469 1191 qui
1501 1151 1684 1184 aeternam
1705 1149 1770 1185 tri-

982 1190 1063 1226 buit
1080 1190 1209 1227 vitam.
1235 1193 1368 1228 Cibum
1390 1193 1452 1238 qui
1473 1194 1572 1239 perit
1592 1200 1770 1241 operatur

984 1238 1106 1273 omnis
1132 1238 1209 1283 ille,
1230 1240 1294 1284 qui
1318 1239 1568 1277 intentionem
1590 1243 1769 1288 spiritua-

982 1284 1057 1320 lem
1083 1285 1131 1320 ad
1151 1286 1360 1331 temporale
1380 1287 1496 1323 refert
1516 1288 1678 1334 lucrum,
1700 1291 1770 1327 sic-

980 1335 1023 1368 ut
1042 1332 1110 1377 illi,
1132 1333 1196 1379 qui
1218 1333 1421 1370 Dominum
1445 1338 1702 1382 sequebantur
1721 1339 1770 1375 ad

982 1380 1053 1415 hoc
1081 1381 1184 1425 quod
1217 1382 1463 1427 corporaliter
1493 1388 1767 1430 pascerentur;

982 1428 1047 1472 qui
1072 1431 1198 1464 autem
1233 1428 1403 1465 laborem
1433 1432 1671 1475 corporalem
1698 1444 1767 1478 per

980 1473 1231 1511 intentionem
1252 1476 1370 1511 refert
1390 1477 1437 1513 ad
1458 1477 1681 1524 spiritualia,
1702 1481 1765 1517 hic

980 1528 1160 1566 operatur
1186 1522 1326 1567 cibum,
1356 1524 1419 1569 qui
1452 1535 1530 1560 non
1558 1529 1668 1571 perit,
1697 1527 1763 1564 sed

980 1568 1041 1614 qui
1060 1573 1257 1614 permanet
1278 1571 1317 1606 in
1343 1572 1459 1606 vitam
1479 1575 1679 1618 aetcrnam;
1702 1575 1764 1611 hic

979 1620 1105 1651 autem
1132 1618 1235 1652 cibus
1265 1619 1321 1652 est
1340 1617 1444 1653 verbi
1467 1619 1532 1654 Dei
1559 1623 1595 1655 ct
1614 1622 1762 1668 gratiae,

979 1674 1046 1708 pro
1061 1663 1167 1709 cujus
1178 1664 1376 1700 devotione
1392 1675 1474 1701 eum
1495 1668 1602 1712 sequi
1621 1668 1766 1705 debue-

980 1714 1065 1746 rant
1081 1710 1286 1756 praecipue.
1305 1712 1403 1756 Opus
1420 1723 1510 1759 ergo
1528 1718 1711 1760 nostrum,
1727 1716 1766 1753 id

980 1761 1035 1793 est
1056 1757 1264 1803 principale
1279 1758 1443 1794 studium
1461 1763 1498 1795 et
1514 1760 1763 1799 intentionem

980 1808 1165 1849 nostram,
1193 1805 1402 1851 dirigamus
1433 1807 1481 1842 ad
1516 1811 1764 1853 quaerendum

982 1852 1106 1888 cibum
1142 1852 1205 1898 qui
1230 1852 1333 1888 ducit
1353 1853 1401 1889 ad
1424 1853 1539 1891 vitam
1567 1860 1763 1903 aeternam,

981 1900 1124 1935 scilicet
1158 1900 1258 1935 bona
1282 1900 1506 1946 spiritualia.
1534 1903 1591 1938 Ad
1620 1906 1764 1951 tempo-

980 1947 1075 1983 ralia
1106 1950 1235 1983 autem
1262 1958 1338 1983 non
1371 1949 1551 1985 debemus
1576 1951 1765 1998 principa-

980 1994 1067 2030 liter
1097 1995 1292 2039 accedere,
1320 1995 1387 2031 sed
1409 1999 1619 2033 accessorie
1642 2000 1765 2037 solum

981 2052 1025 2077 ea
1057 2052 1276 2088 procurare,
1300 2043 1446 2078 ratione
1476 2045 1645 2090 corporis
1679 2058 1765 2083 ‹zor-

979 2088 1182 2135 ruptibilis,
1202 2089 1303 2134 quod
1332 2089 1371 2124 in
1406 2090 1477 2126 hac
1506 2091 1584 2128 vita
1611 2097 1762 2139 oportet

980 2135 1194 2172 sustentari.
1214 2135 1282 2171 Ubi
1298 2137 1571 2180 Chrysostomus
1588 2152 1598 2175 :
1617 2142 1761 2185 «Quasi

979 2183 1122 2219 diceret
1145 2194 1153 2219 :
1180 2184 1253 2219 Vos
1277 2184 1472 2229 exquiritis
1509 2196 1634 2223 escam
1669 2194 1762 2226 tem-

976 2230 1169 2277 poralem3
1201 2241 1268 2276 ego
1302 2234 1428 2267 autem
1459 2243 1616 2278 corpora
1636 2239 1762 2274 vestra

978 2276 1131 2321 nutrivi,
1150 2280 1191 2313 ut
1212 2288 1278 2323 per
1296 2279 1368 2314 hoc
1390 2279 1637 2325 exquireretis
1656 2283 1759 2320 illam

978 2335 1114 2369 escam,
1130 2327 1760 2372 (101611001611111016116111,5611116161·-

978 2383 1065 2408 nam
1079 2373 1212 2407 tribuit
1229 2372 1357 2409 vitam.
1375 2386 1393 2407 »
1414 2374 1621 2412 Etiterum:
1638 2379 1758 2423 «Sed,

978 2421 1068 2465 quia
1090 2420 1243 2464 quidam
1265 2431 1396 2457 eorum
1418 2421 1482 2467 qui
1502 2423 1633 2460 volunt
1655 2425 1765 2471 pigre·

978 2465 1342 2510 nutriri,abutuntur
1356 2469 1428 2504 hoc
1441 2470 1570 2514 verbo,
1584 2482 1760 2509 necessa-

977 2513 1075 2549 rium
1096 2517 1152 2549 est
1174 2515 1354 2550 inducere
1376 2516 1412 2551 id
1433 2517 1533 2562 quod
1554 2523 1609 2553 est
1630 2519 1758 2556 Pauli:

978 2562 1049 2604 Qui
1068 2562 1283 2606 furabatur,
1297 2562 1379 2607 Jam
1399 2574 1470 2599 non
1491 2566 1657 2610 farctum
1678 2578 1760 2602 ma-

977 2610 1035 2652 92'3
1056 2612 1174 2644 (tutem
1197 2610 1335 2645 laboret
1356 2611 1525 2646 manibus
1547 2615 1637 2655 suis,
1664 2614 1762 2649 unde

978 2656 1119 2691 tribuat
1143 2658 1393 2692 necessitatem
1425 2660 1600 2703 patienti.
1623 2661 1695 2696 Sed
1723 2664 1760 2696 et

978 2701 1058 2748 ipse
1093 2704 1317 2740 Corinthum
1348 2707 1505 2741 veniens
1537 2708 1760 2743 morabatur

978 2750 1075 2795 apud
1101 2750 1275 2797 Aquilam
1296 2755 1331 2787 et
1357 2752 1580 2797 Priscillam,
1603 2757 1639 2789 et
1667 2764 1757 2800 ope-

977 2797 1147 2836 rabatur.
1180 2797 1348 2835 Dicendo
1384 2810 1473 2846 ergo
1499 2811 1508 2836 ε
1535 2801 1589 2837 Ν6
1622 2811 1756 2848 opere-
