1894 3186
704 195 755 230 ET

132 267 151 303 J
157 264 292 301 oannis
314 267 352 302 et
366 263 749 302 condescendendam

134 312 271 350 Christi
300 314 603 359 interpretantur.

113 365 135 404 4
160 362 231 396 Per
254 360 354 407 ipsos
375 361 606 396 detractores
627 359 747 407 signi-

130 407 308 444 ficantur.

105 457 124 491 5
153 455 352 492 Civitatum
392 453 599 501 Corozahn,
627 456 743 492 Beth-

128 502 245 539 saidae
271 506 308 540 et
333 504 599 550 Capharnaum
618 503 743 541 incre-

126 550 244 597 patio.

793 193 1083 230 NUMERORUM.

959 267 979 300 6
1000 262 1095 307 Quid
1112 260 1327 308 significent
1343 262 1402 298 hae
1415 263 1491 298 tres
1502 261 1591 297 civi-

822 314 866 348 86
980 315 1076 347 tates
1097 310 1232 356 quibus
1256 310 1487 358 improperat
1517 310 1589 345 Do-

979 358 1134 395 minus?

818 411 860 455 87
953 423 972 455 7
993 406 1194 453 Scripturae
1214 416 1329 442 sacrae
1352 405 1432 442 laus
1458 407 1494 442 et
1511 404 1585 441 uti-

816 553 860 587 86
953 455 1140 540 Sliltgfficia
1160 499 1226 538 Dei
1244 502 1403 539 occulta.

290 712 439 749 CAPUT
461 712 584 748 LVIII.
609 732 655 737 —
674 713 721 748 De
739 713 940 748 reversione
958 711 1229 758 Apostolorum,
1251 721 1293 746 ac
1313 709 1482 745 missione

403 762 436 796 et
455 761 657 797 reversione
675 763 908 808 septuaginta
926 761 1079 797 duorum
1099 759 1377 806 discipulorum.

105 898 117 920 1
135 883 304 932 Apostoli
315 886 547 920 revertentes
556 884 603 921 ad
613 885 739 921 Jesum

122 944 193 969 nos
213 933 351 969 docent
372 932 471 977 quod
497 936 580 978 post
601 932 739 978 praedi·

122 980 310 1017 cationem
345 979 653 1033 contemplationi
685 979 740 1016 in-

121 1028 357 1076 dulgendum
377 1027 437 1063 sit.

100 1088 117 1110 2
140 1056 280 1112 Electio
308 1074 558 1128 septuaginta
576 1074 738 1111 duorum

119 1123 406 1170 discipulorum,
430 1134 492 1169 qui
510 1121 623 1158 et1am
655 1121 737 1158 bini

121 1172 169 1208 ad
197 1152 479 1224 praedicandum
519 1170 734 1206 mittuntur.

95 1220 117 1254 5
137 1220 316 1255 Reversio
339 1217 622 1264 discipulorum,
644 1228 738 1263 quos

122 1270 253 1303 contra
282 1266 499 1313 superbiam
519 1264 736 1311 praemunit.

97 1316 120 1357 4
141 1314 314 1350 Potestas
343 1312 519 1366 ejiciendi
545 1313 738 1349 daemones

121 1365 178 1399 est
194 1361 349 1415 gratiaD
330 1359 446 1397 oratis
458 1360 546 1396 data
561 1363 597 1396 et
610 1359 738 1406 proin·

121 1410 168 1446 de
189 1388 366 1446 omnibus
386 1408 467 1444 dari
482 1410 618 1454 potest.

99 1459 118 1492 5
131 1458 182 1494 Ex
194 1458 263 1493 hoc
277 1456 356 1492 solo
368 1455 624 1501 gaudendum,
635 1455 737 1501 quod

137 1504 293 1541 nomina
305 1503 446 1550 scripta
459 1502 534 1539 sint
553 1501 593 1539 in
614 1501 732 1539 coelis.

947 889 968 921 6
990 884 1159 920 Exsultat
1181 882 1349 919 Christus
1381 884 1418 918 et
1445 879 1586 928 gratias

971 932 1048 979 agit
1066 932 1111 967 de
1131 930 1327 967 vocatione
1341 929 1584 977 parvulorum

969 981 1017 1016 ad
1038 978 1275 1032 sapientiam

812 1043 851 1076 91
943 1043 962 1074 7
985 1029 1057 1064 Cur
1077 1025 1221 1073 parvuli
1241 1026 1412 1071 credunt,
1435 1024 1584 1070 sapien-

968 1078 1026 1111 tes
1049 1085 1135 1110 vero
1154 1085 1230 1110 non
1251 1055 1412 1110 credunt'
1423 1073 1440 1108 ‘2

947 1125 966 1159 8
991 1122 1155 1158 Medium
1178 1121 1386 1157 vocationis
1406 1119 1584 1167 parvulo-

812 1184 854 1218 92
969 1180 1054 1205 rum
1075 1169 1155 1214 ipse
1176 1169 1346 1205 Christus
1373 1171 1442 1204 est.

947 1216 1168 1263 Fam111a1
1172 1215 1244 1252 iter
1265 1220 1302 1253 et
1320 1226 1452 1253 secure
1484 1224 1588 1250 acce-

811 1278 854 1312 92
947 1233 1136 1300 9dendum
1157 1267 1215 1299 est
1244 1265 1293 1301 ad
1311 1266 1456 1309 Jesum,
1480 1262 1586 1308 cujus

965 1313 1100 1359 jugum
1122 1321 1248 1348 suave.

926 1374 965 1396 10
988 1359 1185 1396 Discendae
1205 1360 1252 1397 ab
1282 1358 1363 1406 ipso
1387 1357 1529 1395 mititas
1550 1358 1587 1393 et

810 1410 854 1455 95
968 1406 1176 1443 humilitas.

926 1469 938 1492 1
950 1469 962 1490 1
988 1454 1192 1491 Praemium
1207 1453 1450 1492 servientium
1463 1452 1586 1491 Domi-

809 1505 854 1549 94
970 1513 1033 1549 no,
1054 1502 1207 1549 requies
1227 1501 1377 1539 animae.

248 1653 397 1690 CAPUT
416 1653 504 1690 LIX.
524 1673 570 1679 —
590 1654 640 1689 De
660 1653 803 1690 homine
820 1653 986 1690 sauciato
1005 1653 1039 1688 et
1055 1653 1244 1689 vulnerato
1264 1662 1286 1688 a
1308 1651 1524 1688 latronibus.

93 1802 106 1825 1
128 1785 432 1833 Quadrupliciter
462 1784 581 1822 videri
603 1788 728 1832 potest

116 1834 301 1879 Christus,
316 1836 352 1870 et
373 1845 446 1880 quo
463 1844 576 1870 sensu
596 1834 729 1870 beatos

115 1881 206 1919 dicit
242 1881 342 1928 illos,
364 1881 427 1928 qui
466 1880 589 1928 ipsum
623 1881 728 1918 vide-

112 1933 213 1967 runt.

92 1991 109 2013 2
131 1975 383 2023 Legisperitus
399 1975 611 2022 interrogat
626 1974 728 2012 Chri-

115 2028 215 2061 stum
233 2024 280 2060 de
301 2024 412 2061 modo
429 2002 650 2070 acquirendi
672 2022 727 2059 vi-

114 2075 193 2108 tam
214 2075 408 2108 aeternam.

91 2122 111 2155 5
130 2121 367 2166 Praeceptum
391 2117 604 2174 dilectionis
639 2125 729 2166 erga

114 2169 233 2203 Deum
253 2169 289 2203 et
309 2165 535 2214 proximum.

88 2217 109 2258 4
132 2214 317 2252 Parabola
339 2214 592 2252 Samaritani.
609 2222 727 2261 genus

112 2262 322 2345 hutmanum
342 2272 412 2310 per
430 2262 615 2300 viatorem
636 2262 728 2310 figu-

113 2319 156 2346 ra
175 2320 231 2346 ur.

94 2359 112 2392 5
134 2352 328 2401 Quomodo
366 2355 618 2403 despoliatum
657 2354 728 2393 suit

112 2407 150 2439 et
168 2405 407 2441 vulneratum
424 2404 464 2440 in
476 2404 642 2451 Adam.

89 2454 110 2487 6
132 2452 229 2496 Quid
244 2461 312 2499 per
331 2452 568 2489 sacerdotem
588 2454 626 2489 et
638 2450 726 2489 levi-

964 1786 1366 1870 {amqpertranseuntes
1387 1782 1578 1831 significe-

1008 1845 1047 1869 r.

940 1899 960 1930 7
983 1846 1078 1924 {uid
1102 1891 1170 1926 per
1190 1878 1468 1917 samaritanum
1494 1889 1578 1915 suc-

783 1942 846 1964 100
965 1930 1194 1965 currentem.

942 1980 962 2014 8
986 1975 1124 2022 Quidp
1128 1985 1169 2011 er
1198 1973 1389 2012 stabulum
1418 1975 1455 2011 et
1484 1974 1581 2011 duos

965 2023 1145 2060 denarios
1167 2021 1391 2075 productos?

779 2082 840 2108 101
940 2089 960 2121 9
978 2070 1130 2117 Mystice
1156 2070 1347 2117 peccatori
1367 2067 1580 2115 applicatur

963 2120 1044 2155 haee
1066 2117 1267 2172 parabola?

921 2182 962 2205 10
983 2166 1071 2210 Quis
1091 2165 1284 2212 proximus
1310 2165 1464 2202 noster?

921 2230 958 2253 11
979 2213 1135 2250 Dilectio
1164 2215 1323 2260 utraque
1361 2213 1400 2249 in
1433 2210 1579 2249 Christo

964 2257 1114 2315 impleri
1139 2263 1279 2307 potest,
1303 2260 1391 2308 quia
1422 2261 1523 2296 Deus
1544 2262 1581 2296 et

963 2307 1157 2362 proximus
1178 2310 1247 2345 est.

920 2371 933 2394 1
943 2370 960 2393 2
977 2353 1235 2393 Misericordia
1255 2356 1293 2393 et
1306 2352 1433 2392 oneris
1447 2355 1579 2392 mutua

943 2403 1142 2464 „portatio

922 2454 963 2489 15
987 2451 1207 2489 Exhortatio
1233 2449 1282 2488 ad
1302 2449 1511 2488 caritatem.

780 2180 841 2203 101

782 2317 844 2345 102

781 2407 844 2442 105

370 2600 519 2637 CAPUT
542 2601 613 2637 LX.
634 2618 680 2627 ·-
698 2602 749 2636 De
763 2602 981 2647 poenitentia
1000 2601 1130 2638 Mariae
1148 2600 1390 2646 Maqczalenae.

87 2743 99 2764 1
124 2728 197 2765 Cur
216 2737 301 2764 cum
327 2729 590 2775 peccatoribus
610 2740 716 2767 man-

109 2775 302 2811 ducaverit
321 2775 490 2813 Christus
503 2777 522 2813 ⁶?

89 2836 106 2858 2
127 2822 279 2859 Accedit
304 2823 351 2859 ad
382 2824 581 2861 Dominum
600 2824 717 2862 Maria

965 2730 1216 2776 Magdalena,
1260 2733 1299 2766 et
1345 2728 1435 2774 quid
1484 2737 1575 2772 erga

773 2792 784 2814 1
793 2791 835 2824 07
960 2777 1084 2823 ipsum
1105 2777 1196 2823 agit.

933 2827 953 2860 5
966 2825 1086 2862 Pedes
1100 2824 1249 2862 Domini
1263 2834 1285 2861 a
1298 2824 1413 2862 Maria
1424 2823 1572 2867 Magda-

1648 191 1708 224 347

1664 360 1707 401 89

1661 453 1705 497 80

1661 514 1705 544 ‹Jo

1636 1836 1697 1869 105

1634 1931 1696 1964 105

1634 2027 1697 2067 104

1634 2180 1696 2201 ΙΟι)

1632 2312 1695 2344 105

1633 2406 1696 2439 106

1633 2466 1694 2496 ¹07

1627 2778 1690 2811 108.
