1894 3186
750 207 798 240 ΕΤ
835 207 1123 242 NUMERORUM.
1706 203 1767 237 357

161 280 181 313 6
200 275 403 313 Exauditur
424 303 433 319 ‚
486 274 798 321 sanationemque

1008 292 1028 324 9
1047 274 1241 313 Moralitei
1255 275 1333 312 filia
1345 276 1425 321 eJ'us
1440 277 1496 310 est
1516 274 1646 321 quaeli-

184 323 272 360 filiae
303 334 371 370 per
406 322 522 358 fidem
561 325 598 358 et
622 332 797 369 perseve-

1028 324 1092 360 het
1115 323 1347 360 conscientia
1365 323 1521 368 polluta.
1692 324 1761 359 525

183 370 347 407 rantiam
368 373 548 406 meretur.
846 372 913 406 522
986 385 1026 408 10
1046 370 1128 407 Alia
1170 370 1394 416 significatio
1441 367 1644 415 allegorica

159 434 178 464 7
202 418 317 455 Sidon
339 420 376 454 et
400 417 545 464 capella
565 418 659 463 ejus.
846 420 914 454 525
1027 418 1199 454 mulieris
1224 419 1448 454 Cliananaoe
1485 418 1641 464 eJ'usque

160 468 180 501 8
198 465 408 511 Allegorice
429 464 564 500 mulier
583 466 797 502 Chananaea
1028 466 1130 510 filiae,
1150 469 1186 501 et
1221 465 1430 502 exhortatio
1452 465 1501 502 ad
1522 466 1641 512 ipsam

181 516 237 550 est
257 512 422 550 Ecclesia
444 512 490 549 de
513 512 709 550 Gentibus.
844 515 911 549 525
1026 512 1262 550 imitandam.
1689 514 1754 556 524

402 648 551 687 CAPUT
570 650 640 686 XC.
660 668 706 677 —
723 651 773 685 De
793 648 902 685 surdo
923 650 957 685 et
976 651 1073 685 muto
1091 661 1114 686 α
1129 620 1289 686 'daemone
1301 658 1480 696 possesso.

159 774 170 796 1
196 760 357 796 Sanatur
383 761 518 797 surdus
556 764 594 798 et
621 763 746 798 mutus
772 771 815 797 a*

177 807 348 844 daemone
359 818 569 854 possessus,
591 820 658 856 per
681 819 793 855 quem

176 865 296 902 genus
317 856 525 893 humanum
545 857 742 903 figuratur.
841 857 908 892 525

154 920 171 943 2
193 908 310 953 Hujus
338 910 496 947 sanandi
518 910 652 947 modus
677 909 791 957 expli-

176 957 293 992 catus.
837 959 904 993 526

1000 764 1020 798 5
1047 761 1188 798 Surdus
1209 762 1246 798 et
1263 763 1387 798 mutus
1407 759 1615 797 moraliter.
1688 763 1756 796 526

999 812 1020 852 4
1041 808 1205 845 Sanandi
1225 812 1461 855 peccatorem
1482 808 1630 845 modus.
1687 811 1754 853 527

1000 865 1019 898 5
1042 861 1289 909 Praecipiendi
1310 872 1356 898 ne
1380 860 1438 898 cui
1467 859 1640 898 dicerent

1024 920 1160 946 causae.
1689 910 1757 943 528

999 959 1019 992 6
1041 957 1204 995 Vitanda
1223 967 1323 994 vana
1342 954 1476 1004 gloria.
1685 957 1756 992 528

361 1114 370 1120 .
387 1091 538 1128 CAPUT
561 1091 648 1128 XCI.
671 1112 716 1118 —
735 1093 784 1127 De
800 1091 995 1136 refectione
1012 1094 1170 1138 quatuor
1189 1092 1349 1128 millium
1370 1091 1569 1127 hominum.

154 1221 165 1243 1
179 1204 358 1242 Miracula
373 1200 491 1242 multa
505 1204 615 1242 simul
631 1215 652 1241 a
666 1203 788 1242 Chris·
1023 1204 1087 1259 qui
1117 1216 1186 1252 per
1221 1204 1531 1259 praedicationem
1556 1203 1640 1241 aliis

173 1258 211 1289 to
234 1257 402 1299 operata.
837 1256 906 1300 529
1022 1252 1231 1289 ministrari
1254 1254 1376 1289 debet.
1689 1254 1758 1289 552

154 1315 171 1337 2
200 1301 387 1337 Miseratio
407 1298 555 1337 Domini
578 1311 691 1347 super
710 1303 787 1337 tur·
998 1315 1017 1346 7
1040 1300 1223 1336 Discretio
1258 1301 1369 1346 hujus
1405 1297 1578 1335 miraculi
1614 1309 1637 1335 a

170 1348 259 1384 bam
281 1359 365 1384 eum
387 1350 623 1400 sequentem.
836 1350 904 1384 550
1021 1347 1396 1384 consimilimiraculo
1411 1347 1499 1383 alibi
1515 1347 1626 1382 facto.
1685 1349 1753 1383 555

147 1399 168 1432 5
190 1395 401 1440 Responsio
423 1394 694 1442 discipulorum
711 1394 786 1441 ple·
996 1397 1016 1430 8
1035 1395 1212 1431 Homines
1250 1395 1474 1431 miraculose
1507 1393 1636 1447 refecti

172 1453 221 1479 na
243 1442 478 1479 diffidentiae.
835 1445 899 1478 551
1021 1442 1073 1485 si
1065 1446 1170 1478 nant
1185 1453 1248 1479 eos
1271 1442 1406 1489 quibus
1429 1441 1552 1491 gratia
1572 1440 1639 1478 im-

150 1493 171 1533 4
217 1489 387 1526 Christus
419 1500 537 1536 panes
574 1492 717 1535 septem
755 1493 792 1524 et
1021 1472 1197 1535 pertitur.
1690 1491 1760 1532 554

168 1536 262 1573 duos
288 1536 489 1583 pisciculos
516 1536 784 1574 benedictione
996 1552 1016 1584 9
1038 1536 1268 1582 significatio
1300 1535 1459 1584 mystica
1489 1546 1633 1583 panum

169 1594 237 1620 sua
259 1584 496 1630 multiplicat.
831 1586 896 1620 551
1019 1587 1055 1620 et
1077 1583 1358 1630 pisciculorum.
1684 1586 1752 1619 555

150 1634 169 1667 5
191 1632 242 1667 ΕΧ
265 1632 336 1667 hoc
368 1630 551 1667 miraculo
575 1629 784 1668 necessitas
973 1645 1012 1667 10
1036 1632 1186 1677 Septem
1206 1642 1327 1677 panes
1349 1629 1625 1676 incipientium.
1687 1633 1755 1666 555

172 1678 304 1725 g1atiae
328 1678 554 1715 declaratur.
834 1681 900 1715 552
973 1693 1009 1714 11
1032 1679 1182 1724 Septem
1195 1689 1313 1724 panes
1334 1677 1627 1724 proficientium.
1679 1680 1746 1713 555

148 1729 168 1762 6
193 1726 305 1763 Panis
337 1725 473 1763 animae
503 1724 666 1774 cognitio
690 1725 783 1772 veri,
973 1739 1012 1762 12
1035 1726 1186 1773 Septem
1202 1736 1318 1773 panes
1335 1725 1604 1772 perfectorum.
1681 1727 1749 1761 556

232 1869 381 1906 CAPUT
402 1869 508 1906 XCII.
529 1890 574 1896 —
594 1871 645 1906 De
663 1870 839 1914 fermento
858 1868 1015 1905 cavendo
1035 1871 1069 1906 et
1089 1878 1176 1906 caeco
1202 1868 1408 1905 Bethsaidae
1427 1867 1651 1904 illuminato.

157 1997 169 2019 1
195 1980 407 2034 Responsio
425 1979 562 2018 Chlisti
577 1980 624 2017 ad
640 1980 792 2017 Judaeos
1029 1979 1320 2025 Pharisaeorum,
1333 1980 1638 2029 Sadducaeorum,

176 2029 314 2066 iterum
353 2028 502 2075 signum
528 2027 574 2064 de
601 2027 693 2064 coelo
723 2038 791 2074 pe·
1030 2031 1065 2065 et
1088 2009 1407 2065 Herodianoi‘um.
1690 2031 1758 2076 559

176 2079 312 2113 tentes.
841 2079 907 2123 557
1005 2079 1026 2119 4
1047 2077 1160 2111 Error
1193 2075 1459 2122 Apostolorum
1507 2076 1643 2123 duplex

152 2138 170 2160 2
189 2123 367 2170 Discipuli
387 2122 659 2159 obliviscuntur
674 2132 791 2167 panes
1029 2123 1225 2158 refutatur.
1691 2126 1760 2168 540

176 2171 372 2217 accipere3
430 2171 542 2217 hujus
591 2168 792 2205 oblivionis
1004 2173 1024 2206 5
1044 2169 1269 2206 Illuminatio
1299 2168 1387 2206 caeci
1427 2170 1639 2207 Bethsaidae

176 2229 311 2255 causae.
840 2221 907 2266 559
1026 2216 1190 2269 ptimum
1225 2216 1442 2263 imperfecte
1466 2218 1639 2255 videntis.
1691 2221 1756 2261 54ι

153 2268 173 2301 5
195 2266 272 2308 Quo
286 2276 398 2302 sensu
418 2263 663 2312 intelligenda
675 2264 791 2300 verba
1004 2269 1024 2301 6
1044 2263 1198 2310 Mystica
1211 2265 1321 2312 huJus
1334 2264 1506 2303 miraculi
1524 2265 1640 2313 appli-

175 2312 314 2350 Christi
342 2325 351 2350 ε
380 2314 515 2351 Cavete
546 2324 569 2351 a
604 2313 789 2350 fermento
1027 2311 1139 2349 catio
1692 2315 1757 2356 54ι

438 2819 770 2846 ABBATISVILLAE·
811 2828 855 2835 -
895 2820 1016 2849 ΤΥΡΙΒ
1051 2821 1244 2848 (ΞῊΞΤΛΨΕ
1286 2821 1465 2848 ΙζΕΤΛῦΧι
