1894 3186
550 171 600 204 1111
638 168 985 204 TRADITIONIBUS
1024 165 1367 201 ΡΙΙΑΗΙΒΙΕΟΙΗῙΜ.
1721 163 1778 196 315

192 256 208 278 2
235 244 429 277 Pnnvunsn
448 241 713 276 PnAnisAEonuu
736 250 921 276 'mmm-10-
950 236 955 259 ¹
991 243 1051 276 tor
1070 239 1159 276 (licit
1179 252 1187 275 :
1217 242 1286 276 Vos
1310 242 1443 282 curtem,
1466 238 1609 275 seilicet
1635 238 1768 274 adver-

146 303 211 327 NES
242 291 328 325 Lnel
364 294 584 324 coN'TnAnmc.
619 308 663 314 -
700 289 818 332 Unde,
844 290 923 334 ipse

145 337 365 384 respondens
396 338 450 372 ait
479 337 557 372 illis
591 348 601 371 .·
634 336 752 379 Quare
790 338 822 372 et
860 345 923 371 vos

146 385 448 429 transgyreite'mini
479 384 700 419 mandatum
732 385 811 428 Dei,
838 394 922 428 pro-

142 437 223 480 pter
244 433 478 468 traditionem
492 434 649 467 vestram
662 434 680 467 ἶ)
693 431 805 474 Quasi
822 430 923 467 (1100-

144 484 218 525 ret,
245 479 451 516 secundum
474 479 639 515 Glossam
662 490 671 515 t
695 478 732 516 Si
755 490 820 515 vos
837 490 925 515 con-

142 527 314 565 temnitis
334 527 514 563 mandata
535 526 601 562 Dei
622 537 689 572 pro
711 526 925 562 traditioni-

136 576 206 613 bus
226 574 437 620 hominum,
454 585 569 620 quare
587 574 744 620 arguitis
763 573 923 620 discipu-

137 624 194 660 los
214 633 332 668 meos,
358 622 420 669 qui
453 622 630 658 mandata
650 621 847 657 hominum
864 621 921 657 di-

136 671 304 715 mittunt,
319 673 359 707 ut
381 673 568 716 praecepta
589 669 653 706 Dei
673 669 923 705 custodiant?

141 720 186 755 Ε1
206 717 389 754 Dominus
410 717 565 764 quidem
587 728 661 753 non
682 716 925 764 reprependit

142 765 372 802 munditiam
395 765 660 811 corporalem3
684 766 750 801 sed
777 766 848 800 hoc
863 776 922 801 re-

136 813 351 861 prehendit,
374 813 488 859 quod,
505 812 638 848 relicta
658 812 842 850 munditia
861 812 921 848 in-

133 860 280 905 teriori,
305 862 488 906 putabant
501 861 676 896 sufficere
696 862 843 896 tantum
864 871 922 896 ex-

135 908 330 945 teriorem.
347 909 489 944 Deinde
513 909 584 944 hoc
606 908 705 955 quod
726 907 818 944 dixit
839 918 922 954 pro-

138 956 280 1001 bando,
304 956 498 1002 subjungit
525 967 534 992 t
553 958 648 994 Nam
673 958 766 993 Deus
787 956 888 992 dimit
909 968 919 990 .-

143 1007 306 1047 Honora,
331 1003 474 1039 srilieet
487 1003 703 1039 necessaria
726 1003 865 1047 dando,
886 1005 924 1039 et

136 1051 392 1088 reverentiam
411 1051 635 1096 exhibendo,
655 1061 742 1087 nam
764 1050 833 1087 iste
850 1052 919 1087 ho-

139 1110 210 1136 nor
225 1110 300 1135 non
315 1099 437 1135 solum
448 1098 674 1144 intelligitur
688 1098 918 1142 reverentia,

136 1147 203 1183 sed
220 1146 335 1183 etiam
356 1146 659 1183 necessariorum
680 1146 921 1182 administra-

138 1194 205 1236 tio,
240 1198 385 1241 patrem
424 1198 458 1230 et
494 1197 660 1238 matrem,
700 1193 739 1229 in
784 1194 919 1239 quibus

138 1241 251 1278 etiam
272 1241 466 1288 proximus
487 1241 646 1287 quilibet
676 1240 917 1286 intelligitur,

138 1289 203 1325 sed
215 1289 269 1325 illi
285 1288 529 1325 nominantur
540 1288 673 1335 quibus
685 1288 915 1334 obligainur;

132 1340 165 1373 et
186 1350 195 1372 :
218 1338 287 1380 Qui
308 1337 543 1372 maledi'oeerit
570 1337 674 1382 patri
706 1338 762 1372 vel
791 1337 915 1381 matri,

136 1395 213 1420 non
233 1387 312 1420 tam
348 1384 464 1420 verbo
488 1384 546 1420 vel
577 1383 699 1429 signo,
726 1394 840 1431 quam
861 1383 917 1419 fa-

135 1436 208 1473 cto,
240 1435 355 1467 morte
380 1433 573 1468 moriatur.
600 1431 783 1467 Dominus
815 1430 917 1467 enim

135 1479 385 1515 imbecillitati
428 1483 465 1515 et
502 1480 675 1526 penuriae
714 1481 917 1525 parentum

132 1527 347 1570 consulens,
371 1527 443 1561 1100
463 1537 531 1573 per
551 1528 705 1572 Moysen
722 1525 915 1572 przecepit,

133 1577 170 1610 et
191 1575 276 1610 ideo
298 1585 354 1610 vae
374 1574 461 1618 illis,
483 1574 545 1620 qui
570 1578 748 1620 parentes
773 1573 917 1610 debiles

132 1621 189 1658 vel
215 1632 401 1668 pauperes
417 1624 678 1666 contemnunt,
713 1624 749 1657 et
781 1620 918 1657 debitis

135 1669 343 1714 obsequiis,
366 1669 509 1705 scilicet
530 1668 746 1705 reverentia
779 1672 815 1705 et
851 1679 918 1704 110-

134 1717 388 1753 cessariorum
407 1716 637 1753 exhibitione
666 1715 916 1752 defraudant!

135 1766 239 1801 Hanc
268 1768 394 1801 autem
418 1766 555 1809 Legem
582 1764 766 1800 Pharisaei
791 1762 917 1810 cupidi

135 1823 204 1858 per
230 1823 337 1848 suam
366 1812 579 1848 doctrinam
606 1812 741 1848 salsam
763 1813 919 1848 subver-

139 1863 276 1901 tentes,
299 1863 339 1896 ut
371 1870 448 1896 suae
476 1859 644 1896 avaritiae
662 1859 918 1902 consulerent,

139 1909 176 1943 et
212 1908 280 1943 sub
309 1906 462 1943 nomine
498 1907 649 1953 pietatis
687 1906 920 1954 impietatem

138 1954 374 1998 inducerent,
391 1955 576 1990 docebant
591 1954 690 1990 filios
704 1957 918 2000 parentum,

140 2004 177 2038 et
207 2001 384 2037 dicebant
418 2002 518 2048 quod
559 2001 694 2037 melius
719 2004 800 2037 erat
821 2002 921 2037 bona

140 2050 363 2095 parentibus
381 2048 683 2085 administrando
699 2050 774 2084 Deo
796 2048 922 2084 favere

141 2099 178 2132 et
203 2096 340 2132 offerre
357 2108 365 2131 ε
389 2099 480 2139 111111,
499 2096 586 2142 quia
601 2099 668 2139 est,
690 2099 797 2142 pater
817 2095 920 2142 prin-

142 2143 271 2190 cipalis
287 2147 322 2180 et
346 2143 573 2190 spiritualis;
596 2147 690 2189 tum,
709 2143 812 2189 quia,
834 2142 923 2178 licet

140 2201 208 2237 per
228 2192 342 2227 talem
364 2190 595 2227 oblationem
615 2194 794 2237 parentes
812 2189 923 2226 susti-

143 2242 277 2275 nerent
301 2238 572 2274 detrimentum
599 2238 808 2285 corporale,
832 2248 923 2273 con-

141 2286 399 2332 sequebantur
413 2288 542 2322 tamen
557 2287 699 2322 bonum
714 2285 923 2332 spirituale,

141 2332 180 2369 in
200 2335 383 2379 quantum
396 2332 501 2378 illud,
516 2333 617 2379 quod
638 2336 719 2369 erat
738 2335 774 2368 in
793 2343 925 2369 eorum

142 2379 404 2416 necessitatem
428 2382 740 2426 convertendum,
763 2382 838 2416 Deo
862 2380 925 2415 of-

142 2427 348 2464 ferebatur.
369 2428 604 2473 Sequebatur
621 2428 722 2472 inde,
742 2428 843 2474 quod
859 2426 924 2463 filii

142 2474 365 2522 parentibus
377 2474 455 2510 suis
471 2476 518 2512 ab
538 2477 591 2512 eis
614 2474 830 2511 necessaria
851 2474 925 2510 exi-

141 2521 315 2567 gentibus
330 2532 374 2558 ea
389 2533 527 2568 negare
542 2526 709 2569 possent,
720 2526 756 2557 et
770 2521 925 2557 ditiores

142 2568 376 2614 frequentius
391 2569 588 2612 offerrent;
605 2581 648 2605 ex
661 2580 733 2614 quo
750 2571 925 2615 parentes

143 2617 253 2663 egeni
272 2616 429 2660 fiebant,
451 2620 486 2652 01
507 2617 647 2653 oblatio
670 2615 835 2652 filiorum
857 2615 925 2651 sub

141 2667 325 2710 praetextu
348 2663 541 2710 religionis
563 2664 601 2700 in
622 2664 726 2700 lucra
749 2662 923 2699 sacerdo-

143 2715 223 2746 tum
248 2711 418 2747 cedebat.
447 2711 550 2747 Unde
578 2710 759 2749 Pharisaei
785 2710 925 2747 instru-

143 2758 257 2794 ebant
282 2758 394 2799 filios,
426 2758 515 2805 quid
544 2757 676 2805 egenis
703 2757 925 2805 parentibus

143 2805 430 2852 responderent,
452 2808 490 2843 et
508 2807 578 2844 hoc
598 2809 655 2845 est
673 2805 774 2852 quod
795 2805 922 2843 Salva-

992 287 1126 331 sative,
1162 288 1303 331 dicitis,
1334 287 1371 322 id
1409 289 1465 323 cst
1503 286 1539 323 in
1573 286 1777 323 traditione

989 338 1118 373 vestra
1140 335 1235 371 alios
1260 334 1463 379 instruitis,
1500 335 1593 370 salso
1633 333 1775 370 scilicet

992 383 1214 429 exponendo
1237 383 1455 419 mandatum
1482 382 1546 418 1)οἰ
1574 393 1641 428 pro
1670 382 1774 417 lucro

990 437 1116 468 vestro
1139 443 1148 467 ε
1173 432 1397 476 Quicumque
1418 431 1571 474 (timorit,
1590 430 1625 465 id
1644 433 1699 465 est
1715 428 1772 465 di·

991 490 1077 516 cere
1096 479 1250 526 poterit,
1272 480 1375 524 patra·
1393 479 1451 513 vel
1472 479 1597 522 matri,
1621 489 1642 513 0
1664 480 1774 523 pater

991 533 1028 564 et
1048 530 1184 572 mater,
1201 525 1265 573 qui
1287 525 1436 571 indiges
1457 529 1494 561 01
1514 526 1610 572 petis
1637 535 1773 561 munus

989 587 1011 612 a
1028 586 1102 620 me,
1123 585 1254 612 munus
1273 574 1524 620 quodcumque
1554 577 1606 609 est
1627 584 1672 608 0oe
1703 583 1771 615 me,

988 624 1027 660 id
1048 626 1104 660 est
1124 634 1167 659 ex
1194 633 1279 659 mea
1301 620 1515 665 devotione,
1536 622 1613 656 Deo
1631 619 1775 656 50111001

989 672 1249 707 consecratum
1267 672 1304 706 et
1330 670 1514 713 oblatum,
1545 668 1613 703 tibi
1637 668 1769 713 proste-

987 721 1054 763 rit,
1098 718 1242 755 scilicet
1288 717 1337 754 ad
1376 715 1578 752 utilitatem
1617 715 1770 758 animae,

989 766 1109 812 magis
1131 776 1242 812 quarn
1267 764 1297 801 si
1320 765 1450 801 darem
1466 762 1547 804 tibi,
1574 762 1661 808 quia
1681 767 1771 798 tunc

990 814 1187 859 prodesset
1214 812 1283 849 soli
1334 811 1497 858 corpori.
1531 810 1613 855 Vel,
1647 812 1773 856 potest

988 862 1062 909 legi
1094 860 1367 907 interrogative
1397 859 1464 903 sic,
1495 869 1627 894 munus
1656 858 1775 903 quod-

989 921 1145 955 cumque
1164 912 1216 945 est
1243 920 1287 944 esc
1309 918 1376 948 me,
1398 907 1436 942 id
1457 908 1513 943 est
1534 917 1576 942 ex
1602 905 1774 941 11101510-

988 959 1059 994 bus
1076 959 1157 1003 jam
1179 957 1356 992 devotum
1375 957 1465 998 Dee,
1488 955 1557 990 tibi
1575 953 1776 999 proderit?

989 1005 1101 1049 Quasi
1122 1004 1221 1040 dicat
1248 1016 1255 1040 ε
1277 1003 1385 1047 Quod
1410 1001 1494 1037 vovi
1520 1003 1595 1037 Deo
1620 1000 1676 1036 vis
1699 1001 1774 1036 tuis

991 1054 1120 1089 usibus
1158 1051 1363 1098 applicare,
1399 1052 1435 1085 et
1466 1048 1534 1085 tibi
1564 1048 1776 1094 prodesse?

989 1100 1114 1144 Absit,
1135 1100 1222 1145 quia
1243 1097 1482 1143 sacrilegium
1499 1097 1655 1136 faceres,
1673 1095 1701 1131 si
1718 1106 1775 1131 ac-

989 1147 1149 1194 ciperes.
1169 1147 1229 1183 Sic
1252 1145 1320 1182 filii
1342 1145 1518 1181 dicebant
1541 1143 1776 1190 parentibus,

986 1199 1028 1232 ut
1068 1194 1122 1230 illi
1163 1194 1345 1230 timentes
1373 1192 1545 1237 accipere
1575 1191 1675 1237 quod
1700 1191 1776 1226 Deo

986 1242 1166 1278 videbant
1198 1242 1472 1286 mancipatum,
1515 1241 1553 1274 et
1589 1236 1777 1282 sacrilegii

988 1289 1133 1326 crimen
1157 1290 1365 1333 incurrere,
1388 1287 1539 1332 inopem
1561 1286 1680 1331 magis
1704 1285 1778 1321 vel-

987 1338 1065 1374 lent
1086 1336 1203 1373 vitam
1230 1336 1385 1380 ducere,
1408 1344 1522 1380 quam
1563 1333 1609 1369 de
1649 1343 1776 1369 saera-

988 1383 1127 1422 mentis
1151 1384 1366 1421 comedere.
1394 1382 1500 1418 Unde
1527 1384 1584 1417 est
1611 1391 1743 1416 sensus
1767 1391 1775 1416 z

986 1434 1218 1477 Quicumque
1237 1432 1392 1475 disneric,
1415 1432 1503 1473 etc.,
1532 1428 1672 1464 scilicet
1694 1427 1775 1463 lici·

986 1484 1045 1525 te,
1080 1483 1117 1516 et
1159 1481 1260 1516 bene
1292 1480 1418 1524 potest
1456 1476 1582 1512 dicere
1606 1476 1712 1518 illud,
1735 1478 1772 1511 et

985 1527 1118 1574 implet
1136 1529 1373 1574 praeceptum
1387 1524 1560 1561 divinum
1572 1526 1609 1559 et
1621 1524 1775 1569 Legem,

986 1578 1023 1612 et
1056 1578 1113 1611 est
1142 1575 1280 1620 dignus
1300 1573 1379 1609 vita
1400 1574 1544 1608 aeterna
1581 1574 1617 1607 et
1656 1581 1776 1615 regno

986 1623 1193 1666 coelorum;
1221 1620 1321 1667 quod
1354 1624 1482 1656 tamen
1521 1621 1579 1655 est
1619 1618 1773 1663 falsum,

986 1670 1074 1717 quia
1095 1670 1303 1706 secundum
1325 1667 1524 1704 veritatem
1558 1669 1615 1702 est
1651 1669 1774 1701 trans-

986 1728 1139 1764 gressor
1153 1715 1347 1764 praecepti.
1361 1717 1405 1751 Et
1422 1716 1491 1751 boc
1506 1716 1563 1750 est
1578 1713 1678 1759 quod
1692 1713 1775 1749 sub-

983 1765 1156 1812 J'ungitur
1176 1777 1184 1801 ε
1207 1767 1254 1800 Et
1281 1763 1346 1806 sic,
1370 1773 1438 1809 per
1458 1764 1604 1798 vestras
1625 1760 1771 1797 suasio-

986 1824 1066 1857 nes,
1083 1813 1182 1848 filius
1201 1814 1333 1859 postea
1347 1822 1418 1846 ηοη
1437 1809 1692 1851 honorificabit
1708 1819 1778 1854 pa-

988 1865 1078 1898 trem
1095 1871 1202 1895 suum
1218 1863 1251 1895 et
1264 1861 1417 1895 matrem
1431 1868 1550 1901 suam,
1568 1856 1661 1891 illud
1677 1855 1777 1901 quod

987 1911 1069 1944 erat
1093 1906 1246 1943 sibimet
1263 1906 1355 1952 ipsis
1370 1904 1539 1941 debitum
1559 1904 1783 1940 subtrahen-

987 1956 1049 1999 do3
1062 1958 1094 1991 et
1106 1956 1157 1990 ita
1165 1956 1314 1990 irritum
1323 1954 1466 1998 fecistis
1476 1952 1690 1987 mandatum
1700 1952 1779 1994 Dei,

988 2003 1035 2039 de
1061 2002 1288 2048 parentibus
1313 2000 1455 2037 scilicet
1482 1998 1716 2035 honorandis
1744 2000 1781 2034 et

989 2049 1263 2093 sustentandis,
1285 2052 1434 2095 propter
1454 2047 1691 2083 tradicionem
1717 2056 1776 2080 ve-

988 2101 1116 2137 stram,
1138 2097 1176 2132 id
1190 2099 1260 2140 est,
1275 2107 1359 2142 quae
1371 2098 1505 2131 vestrae
1524 2093 1639 2130 servit
1657 2093 1777 2129 avari-

988 2144 1065 2180 tiae.
1083 2143 1195 2188 Quasi
1212 2145 1266 2180 eis
1282 2143 1424 2179 diceret
1443 2142 1625 2178 Dominus
1644 2152 1653 2176 :
1671 2142 1776 2177 Man-

990 2192 1120 2228 datum
1140 2191 1292 2238 pietatis
1308 2189 1483 2226 deseritis
1499 2191 1655 2235 propter
1675 2188 1781 2234 cupi-

990 2239 1149 2276 ditatem
1175 2238 1393 2285 impietatis.
1424 2236 1496 2273 Sed
1519 2235 1603 2272 vide
1632 2246 1680 2271 ne
1708 2236 1779 2270 hac

991 2286 1229 2330 auctoritate,
1245 2289 1286 2322 ut
1302 2284 1453 2332 plurimi
1476 2283 1632 2321 faciunt,
1649 2283 1779 2319 abuta-

991 2334 1044 2370 ris
1059 2345 1173 2380 supra
1184 2334 1338 2370 modum
1352 2333 1399 2369 de
1416 2332 1529 2368 rebus
1547 2330 1722 2366 Ecclesiae
1743 2332 1781 2365 et

991 2392 1214 2428 pauperum,
1249 2390 1411 2426 erogans
1449 2377 1682 2425 parentibus,
1724 2377 1780 2429 Ad

992 2429 1177 2475 majorem
1194 2431 1320 2465 autem
1337 2427 1569 2463 intellectum
1588 2427 1643 2460 est
1658 2435 1780 2459 001151-

993 2476 1216 2517 derandum,
1235 2474 1335 2520 quod
1354 2477 1462 2520 pater
1483 2483 1548 2519 per
1567 2482 1606 2507 se
1626 2474 1776 2507 tenetur

992 2523 1081 2559 filiis
1099 2522 1294 2566 providere
1312 2533 1320 2566 ;
1341 2522 1430 2567 quia
1445 2525 1624 2556 estcausa
1645 2528 1776 2554 eorum

992 2572 1176 2616 quantum
1205 2569 1253 2605 ad
1285 2579 1382 2612 esse,
1408 2570 1445 2603 et
1472 2567 1556 2602 ideo
1587 2566 1698 2601 debet
1725 2564 1778 2600 eis

992 2616 1268 2653 nutrimentum
1288 2621 1324 2653 et
1353 2616 1637 2652 documentum.
1663 2611 1777 2664 Filius

992 2669 1119 2700 autem
1142 2667 1292 2700 tenetur
1313 2662 1513 2710 providere
1532 2660 1770 2712 parentibus,

993 2712 1039 2749 de
1070 2711 1293 2748 necessariis
1324 2721 1390 2757 per
1415 2708 1604 2752 accidens,
1632 2708 1774 2743 seilicet

992 2758 1024 2796 si
1045 2758 1099 2795 illi
1124 2759 1338 2807 indigeant,
1363 2761 1401 2794 et
1436 2757 1517 2803 ipse
1539 2756 1588 2792 sit
1621 2758 1773 2807 polens.

993 2807 1038 2844 Et
1057 2805 1201 2853 ide0,si
1216 2809 1322 2855 pater
1339 2807 1419 2852 jam
1436 2802 1699 2842 necessitatem
1721 2812 1776 2838 m-
