1894 3186
418 212 471 245 DE
510 210 787 244 REFECTIONE
824 211 1016 250 QUINQUE
1053 210 1242 244 MILLIUM
1282 210 1501 242 HOMINUM.
1724 208 1778 242 171

153 282 285 321 Christi
313 282 546 325 Passionem,
567 280 680 316 corde
700 284 738 316 et
770 292 926 327 corpore

150 341 191 368 se
209 330 484 373 mortificandi),
505 327 679 372 subjicit;
701 328 808 373 panis
830 340 928 365 coin-

149 379 351 425 passionis,
385 388 429 413 ex
486 375 787 412 consideratione
828 377 927 412 det'e-

147 429 272 462 ctuum
294 429 329 462 et
347 423 583 460 miseriarum
606 425 787 469 proximi;
819 423 926 469 panis

147 472 294 509 timoris
326 475 363 508 et
402 471 592 514 tremoris,
633 482 676 507 ex
709 470 924 507 considera-

145 519 250 556 tione
277 518 390 556 suturi
424 518 621 564 supplicii3
657 521 693 554 et
725 518 833 564 panis
860 530 925 554 su-

146 566 250 614 spirii
283 570 395 612 atque
427 565 650 609 devotionis,
678 576 721 601 ex
754 565 924 601 conside-

145 614 291 650 ratione
345 613 535 650 dilationis
587 612 749 650 coelestis
782 613 924 658 gaudii,

150 666 188 698 et
226 661 385 707 praemii.
412 662 551 698 Omnes
586 660 647 697 isti
688 671 802 706 panes
839 664 926 696 sunt

144 708 361 754 hordeacei,
389 709 548 754 ideoque
584 711 669 744 sunt
700 719 785 744 cum
820 719 923 744 aina-

147 756 313 793 ritudine
344 756 529 795 sumendi,
551 757 677 792 Pisces
700 759 825 792 autem
850 756 923 791 duo

157 808 244 840 sunt
259 815 343 851 spes
356 804 475 840 venire
487 807 524 840 et
543 804 700 840 dulcedo
712 803 797 838 vitae
815 806 923 839 ceter-

150 862 220 887 nae.
246 873 290 878 —
310 851 517 899 Allegorice
550 854 674 887 autem
710 861 828 896 panes
854 851 922 886 do-

143 898 272 935 ctrinae
309 903 396 935 sunt
439 898 605 945 quinque
646 898 732 935 libri
765 898 921 943 Moysis3

148 945 364 987 hordeacei,
390 951 545 993 propter
575 946 709 981 litterae
732 945 922 990 duritiem,

150 994 364 1030 reficientes
392 998 533 1038 tamen,
563 997 715 1039 propter
746 993 923 1038 spiritua-

152 1040 225 1076 lem
246 1041 478 1078 intellectum
495 1040 740 1077 reficientem.
762 1043 842 1076 Duo
863 1051 925 1075 au-

141 1090 217 1124 tem
258 1089 379 1134 pisces
410 1092 496 1125 sunt
529 1088 686 1124 dulcedo
715 1087 922 1133 proplietiae

143 1138 180 1171 et
218 1136 374 1172 dulcedo
411 1136 662 1174 Psalmorum.
697 1155 737 1160 —
775 1137 923 1181 Anago—

147 1182 230 1228 gice
264 1194 367 1227 vero,
402 1182 617 1219 resectionis
654 1184 804 1217 aeternae
836 1185 925 1217 sunt

144 1240 263 1276 panes
289 1231 454 1276 quinque
480 1230 526 1266 ad
555 1239 649 1274 quos
676 1228 922 1275 suspiramus,

142 1280 179 1313 et
208 1288 250 1313 ex
288 1278 425 1324 quibus
451 1276 666 1313 reficiemur
692 1277 728 1311 in
756 1276 922 1321 aeternis,

150 1335 311 1371 quorum
343 1325 486 1371 primus
522 1327 578 1360 est
610 1324 810 1369 praesentia
831 1323 922 1367 Dei;

140 1373 327 1409 secundus
353 1376 409 1408 est
429 1371 670 1418 pulchritudo
698 1370 850 1407 visionis
873 1372 924 1407 fa-

142 1419 211 1455 ciei
243 1422 332 1465 Dei;
366 1420 500 1456 tertius
532 1422 589 1455 est
621 1418 779 1455 societas
805 1420 925 1465 Ange-

146 1466 283 1511 lorum,
307 1470 406 1503 iuter
427 1477 585 1513 quorum
606 1470 727 1502 sortes
757 1469 813 1502 est
843 1477 924 1502 sors

148 1518 289 1550 nostrae
310 1514 576 1558 beatitudinis;
596 1518 750 1559 quartus
767 1517 824 1550 est
841 1524 923 1549 con-

147 1562 307 1597 sortium
325 1564 565 1605 Sanctorum‚
587 1561 649 1606 qui
671 1572 754 1597 cum
777 1560 923 1597 Christo

145 1613 307 1654 regnant
323 1610 360 1645 in
380 1609 503 1652 coelis3
522 1608 672 1654 quintus
692 1612 748 1643 est
765 1608 922 1643 dulcedo

147 1656 308 1692 internae
343 1656 602 1699 beatitudinis,
630 1666 741 1701 quam
768 1655 828 1690 hic
858 1666 922 1700 pa-

151 1713 306 1749 rumper
333 1704 557 1750 experimur.
580 1705 622 1738 In
655 1702 830 1738 omnibus
865 1702 923 1738 his

143 1751 333 1787 hordeum
371 1754 427 1787 est
462 1750 592 1786 dilatio
623 1749 847 1796 suspirantis
874 1750 922 1785 ad

138 1798 226 1834 ista.
255 1799 418 1834 Dulcedo
439 1801 566 1834 autem
585 1798 744 1833 duorum
763 1796 920 1843 piscium

142 1845 433 1889 consolantium,
456 1845 640 1881 certitudo
680 1843 919 1880 conscientiae

140 1896 178 1930 et
199 1893 382 1928 certitudo
416 1891 610 1928 fidelitatis
636 1891 787 1927 divinae.
810 1893 917 1935 ltem,

140 1939 284 1987 primus
307 1939 415 1986 panis
428 1940 674 1982 hordeaceus,
692 1939 812 1983 qualis
832 1950 919 1974 con-

139 1987 243 2023 venit
284 1987 473 2033 peccatori
501 1997 589 2022 vere
617 1985 828 2032 poenitenti,
863 1989 919 2022 est

144 2034 319 2070 contritio
342 2034 381 2069 in
407 2034 543 2078 corde3
567 2033 754 2069 secundus
777 2036 834 2068 est
853 2044 918 2078 pu-

141 2082 209 2117 dor
244 2081 282 2116 in
303 2081 560 2124 consessione;
581 2080 714 2116 tertius
738 2083 794 2116 est
822 2081 917 2126 jeJu-

138 2127 242 2165 nium
281 2128 320 2164 in
352 2139 485 2172 carne;
514 2131 669 2174 quartus
705 2131 762 2163 est
793 2127 914 2164 oratio

144 2175 184 2212 in
207 2180 356 2220 mente;
380 2177 533 2222 quintus
556 2178 612 2211 est
630 2175 751 2221 pietas
770 2175 809 2210 in
831 2186 916 2221 ope-

142 2234 195 2259 re.
225 2225 304 2259 Duo
332 2234 421 2259 vero
443 2222 561 2269 pisces
585 2222 805 2258 condientes
825 2224 911 2258 hor-

139 2270 295 2307 deaceos
313 2281 429 2317 panes
442 2273 527 2306 sunt
543 2269 672 2314 timor,
688 2270 753 2316 qui
768 2270 914 2316 capitur

139 2317 177 2353 in
209 2318 414 2354 salsissimo
436 2318 544 2361 mari,
569 2317 607 2353 id
627 2320 684 2353 est
718 2317 756 2353 in
793 2317 912 2362 poenis

138 2364 294 2409 inferni3
317 2368 353 2401 et
378 2375 477 2411 spes,
497 2375 580 2411 quae
603 2364 752 2411 capitur
771 2364 809 2400 in
830 2366 912 2401 dul-

138 2411 289 2449 cissimo
321 2413 434 2448 fluvio
465 2411 644 2459 paradisi,
664 2413 755 2448 dum
776 2412 911 2458 cogitat

140 2460 231 2505 quia
269 2471 341 2495 non
380 2463 466 2496 sunt
501 2460 689 2504 condionae
722 2462 912 2506 passiones

139 2508 248 2552 huJ'us
275 2509 446 2552 temporis
482 2507 530 2543 ad
548 2509 716 2551 futuram
741 2508 909 2551 yloriam,

139 2565 219 2599 quae
252 2555 472 2590 revelabitur
497 2556 537 2590 in
553 2556 671 2591 nobis.
692 2575 735 2580 —
756 2556 913 2600 Insuper

139 2601 364 2645 moraliter,
405 2601 570 2647 quinque
614 2612 730 2648 panes
768 2601 911 2647 signifi-

137 2652 224 2684 cant
250 2650 412 2694 quinque
440 2659 521 2694 quae
544 2648 723 2685 Dominus
752 2649 817 2684 dat
841 2659 911 2684 no-

137 2694 194 2731 bis
220 2696 265 2731 ad
286 2696 518 2742 spiritualem
548 2696 712 2742 quinque
731 2706 910 2731 sensuum

138 2742 392 2779 refectionem.
420 2743 559 2788 Primo,
586 2743 650 2779 dat
685 2742 908 2790 praesentia3

143 2798 217 2834 quo
236 2799 337 2841 ⁸pane
361 2789 529 2826 reficitur
553 2790 667 2832 visus,
689 2791 777 2827 dum
812 2789 912 2825 videt

144 2845 270 2871 omnia
292 2836 508 2873 transitoria
521 2848 603 2874 esse
624 2841 660 2874 et
678 2838 831 2873 caduca.
849 2838 912 2873 Se-

1000 280 1145 317 cundus
1178 279 1285 326 panis
1328 290 1439 325 quem
1470 280 1546 322 (lat,
1570 280 1655 314 sunt
1678 287 1777 323 prae·

1001 327 1136 372 terita;
1159 338 1232 372 quo
1257 338 1354 372 pane
1400 326 1566 362 reficitur
1610 325 1778 370 auditus,

1004 376 1158 423 quando
1180 374 1284 410 audit
1309 374 1409 419 quod
1433 373 1560 409 omnia
1581 374 1780 408 transeunt

1004 424 1107 459 velut
1131 423 1280 466 umbra,
1297 425 1334 457 et
1354 421 1438 457 ideo
1455 420 1599 467 spernit
1618 431 1674 455 ea.
1694 421 1781 455 Ter-

1000 471 1068 515 tio,
1103 471 1168 506 dat
1201 470 1350 512 sutura3
1375 479 1449 514 quo
1482 478 1579 514 pane
1614 466 1780 503 relicitur

1000 520 1202 562 odoratus,
1246 516 1396 562 quando
1439 518 1579 560 cogitat
1617 518 1778 550 mortem

1000 567 1180 609 suturam,
1201 566 1238 601 et
1256 563 1395 600 inferni
1422 563 1602 608 pericula,
1622 564 1657 596 et
1693 561 1777 596 ideo

1000 625 1040 650 se
1090 612 1305 659 comprimit
1357 610 1533 657 operibus
1588 607 1774 644 virtuosis.

1000 663 1154 705 Quarto,
1176 661 1241 696 dat
1265 657 1475 705 spiritualia
1497 660 1652 699 aeterna,
1675 653 1776 707 sci-li-

999 713 1057 745 cet
1086 710 1183 745 bona
1222 706 1415 750 coelestia;
1454 716 1527 751 quo
1548 714 1644 749 pane
1668 706 1778 738 satia-

998 761 1059 793 tur
1089 760 1232 801 gustus,
1259 754 1409 801 quando
1430 754 1584 799 propter
1607 758 1777 802 amorem

998 815 1128 841 eorum
1148 803 1277 839 omnia
1296 802 1604 838 contemnuntur.
1625 799 1776 841 Quinto,

998 853 1061 888 dat
1096 851 1271 897 flagella;
1294 860 1367 896 quo
1398 858 1494 895 pane
1526 846 1685 882 satiatur
1718 847 1777 879 ta-

999 903 1092 943 ctus,
1122 899 1273 944 quando
1315 907 1382 944 per
1417 895 1567 940 flagella
1605 895 1778 928 movetur

998 948 1045 983 ad
1069 946 1307 982 dilectionem
1339 943 1406 980 Dei
1448 946 1484 978 et
1519 942 1777 992 contemptum

998 994 1142 1030 mundi.
1184 995 1228 1028 Et
1263 992 1386 1038 pisces
1422 989 1627 1026 secundum
1663 991 1776 1021 istum

1000 1042 1154 1076 modum
1173 1040 1389 1085 significant
1409 1036 1675 1082 cognitionem,
1691 1043 1776 1079 quae

998 1088 1187 1124 illuminat
1207 1087 1453 1122 intellectum.
1468 1088 1503 1119 et
1519 1082 1775 1125 dilectionem,

999 1146 1082 1181 quae
1130 1134 1342 1170 inflammat
1378 1132 1568 1168 ass'ectum.
1603 1128 1775 1180 Cognitio

999 1182 1100 1218 euim
1116 1181 1238 1217 tribus
1252 1179 1385 1227 primis
1402 1179 1466 1214 dat
1483 1187 1671 1229 saporem,
1689 1184 1776 1220 quia

1000 1228 1165 1275 cognitio
1199 1227 1402 1275 praesentia
1431 1225 1620 1269 intelligit,
1650 1223 1778 1258 futura

997 1276 1191 1323 praevidet,
1234 1280 1270 1311 et
1313 1272 1506 1321 prieterita
1542 1271 1774 1322 recordatur.

1002 1324 1159 1361 Dilectio
1181 1322 1355 1359 similiter
1381 1321 1529 1357 duabus
1555 1318 1696 1354 ultimis
1714 1319 1778 1354 dat

999 1382 1188 1418 saporem,
1224 1370 1311 1416 quia
1348 1368 1511 1414 diligens
1542 1369 1661 1403 Deum
1687 1377 1777 1419 ’prae

999 1430 1144 1463 amore,
1175 1422 1211 1454 et
1248 1416 1513 1461 degustatione
1552 1415 1776 1460 coelesuum,

1002 1469 1040 1503 et
1058 1466 1098 1502 in
1122 1465 1282 1511 flagellis
1301 1463 1449 1501 Domini
1469 1463 1690 1499 delectatur.

1052 1527 1091 1549 12
1131 1515 1305 1550 Cmusws
1347 1523 1451 1547 Fueir
1488 1522 1628 1546 Tenum
1672 1520 1777 1544 IPSUM

998 1573 1115 1597 neuun
1139 1572 1272 1596 FACERE
1303 1570 1505 1594 VOLENTEM.
1532 1578 1574 1582 ——
1603 1559 1680 1592 Hoc
1709 1566 1775 1592 au-

999 1612 1073 1644 tem
1113 1609 1210 1644 facto
1235 1607 1430 1651 miraculo,
1457 1606 1583 1640 statim
1603 1604 1777 1649 compulit

998 1657 1175 1691 Dominus
1200 1655 1401 1699 discipulos
1433 1652 1623 1688 ascendere
1649 1653 1687 1685 in
1707 1661 1776 1686 na-

998 1704 1174 1745 viculam,
1197 1701 1442 1747 etpraecedere
1465 1704 1566 1734 trans
1581 1700 1716 1741 fretum
1727 1697 1777 1733 ad

997 1750 1241 1786 Bethsaidam
1263 1777 1272 1791 ,
1315 1748 1504 1784 civitatem
1542 1745 1702 1781 Andreae
1740 1748 1776 1780 et

998 1797 1100 1833 Petri
1124 1801 1162 1833 et
1183 1795 1347 1842 Philippi
1368 1793 1646 1840 Apostolorum,
1669 1797 1708 1828 ut
1727 1792 1774 1829 ab

995 1844 1059 1880 illo
1101 1845 1182 1880 loco
1227 1843 1463 1885 recederent,
1500 1841 1609 1875 donec
1648 1840 1773 1875 turbas

994 1893 1208 1933 dimitteret,
1234 1892 1303 1927 sub
1332 1890 1455 1925 forma
1476 1887 1634 1933 alicujus
1654 1887 1771 1922 bene-

995 1938 1173 1975 dictionis
1212 1941 1249 1975 et
1287 1935 1548 1973 valedictionis
1580 1946 1587 1970 :
1623 1934 1773 1970 volebat

991 1987 1093 2023 enim
1113 1996 1291 2032 separare
1312 1995 1352 2021 se
1379 1995 1402 2021 a
1427 1982 1561 2025 turbis,
1583 1981 1671 2028 quia
1697 1980 1770 2017 sci-

991 2033 1056 2076 vit,
1090 2035 1187 2079 quod
1217 2034 1362 2069 venturi
1394 2035 1509 2074 crant,
1535 2033 1575 2065 ut
1611 2032 1771 2073 facerent

991 2092 1072 2117 eum
1099 2092 1233 2126 regem,
1255 2083 1292 2116 et
1324 2080 1408 2115 ideo
1439 2089 1477 2114 se
1507 2088 1530 2113 a
1560 2076 1768 2123 discipulis,

992 2128 1092 2164 inter
1121 2139 1219 2174 quos
1245 2139 1267 2164 a
1286 2127 1407 2163 turbis
1432 2124 1685 2171 quaerebatur,
1709 2134 1767 2160 se-

994 2176 1154 2222 paravit.
1178 2176 1307 2220 Coegit
1322 2184 1400 2217 eos,
1417 2172 1505 2218 quia
1520 2182 1596 2207 non
1608 2170 1770 2207 libenter

987 2223 1214 2259 recedebant
1232 2223 1374 2267 absque
1395 2219 1572 2266 Magistro
1595 2229 1676 2262 suo,
1698 2228 1767 2254 cu-

982 2272 1045 2317 jus
1071 2271 1251 2306 societate
1274 2272 1311 2305 et
1334 2268 1508 2304 doctrina
1527 2265 1765 2301 delectaban-

987 2322 1059 2354 tur.
1077 2318 1182 2353 Unde
1195 2318 1488 2361 Chrysostomus:
1506 2326 1523 2347 «
1536 2314 1627 2349 Cum
1640 2317 1766 2349 autem

988 2365 1087 2401 dicat
1119 2376 1127 2400 :
1161 2365 1348 2409 compulit,
1374 2362 1530 2398 multam
1563 2359 1766 2406 discipulo-

989 2423 1075 2448 rum
1095 2410 1315 2447 instantiam
1333 2409 1510 2452 ostendit,
1524 2407 1611 2454 quia
1626 2418 1700 2442 non
1719 2407 1766 2443 de

990 2458 1090 2495 facili
1115 2459 1162 2495 ab
1183 2469 1227 2494 eo
1241 2460 1417 2504 poterant
1430 2455 1598 2502 separari
1615 2466 1625 2498 ·,
1643 2457 1679 2491 et
1694 2454 1766 2491 hoe

990 2507 1145 2553 quidem
1180 2509 1261 2542 tum
1298 2508 1452 2552 propter
1488 2502 1645 2538 nimium
1677 2501 1765 2537 affe-

990 2558 1108 2598 ctum,
1131 2564 1241 2599 quem
1274 2553 1324 2589 ad
1350 2562 1437 2588 eum
1458 2551 1663 2593 habebant,
1685 2552 1764 2584 tum

991 2601 1082 2647 quia
1108 2600 1425 2643 sollicitabantur,
1446 2597 1607 2644 qualiter
1627 2596 1674 2632 ad
1700 2605 1766 2631 eos

984 2647 1140 2685 veniret.
1155 2662 1173 2680 »
1191 2648 1295 2685 Unde
1307 2650 1343 2683 et
1356 2648 1596 2690 Hieronymus
1615 2656 1624 2679 :
1648 2657 1666 2675 «
1683 2643 1761 2685 Quo

986 2706 1160 2732 sermone
1183 2694 1395 2732 ostenditur
1415 2692 1552 2729 invitos
1569 2701 1633 2726 eos
1650 2701 1672 2725 a
1693 2690 1762 2724 Do-

985 2742 1088 2779 mino
1112 2742 1325 2786 recessisse,
1346 2742 1435 2777 dum
1461 2749 1588 2776 amore
1614 2738 1758 2790 Praece-

986 2791 1119 2836 ptoris,
1139 2801 1210 2826 nec
1240 2792 1379 2836 puncto
1408 2787 1559 2833 quidem
1580 2788 1759 2830 temporis

987 2837 1034 2874 ab
1054 2848 1098 2874 eo
1116 2837 1244 2875 volunt
1258 2834 1439 2882 separari.
1461 2848 1480 2866 »
1500 2835 1613 2869 Recte
1634 2835 1757 2868 autem
