1894 3186
360 230 414 265 DE
451 232 661 267 MISSIONE
696 232 1024 268 APOSTOLORUM
1060 230 1117 266 AD
1154 231 1502 266 PRAEDICANDUM.
1716 231 1757 266 37

803 446 984 494 CAPUT
1020 446 1073 491 LI

119 598 170 628 DE
199 597 383 629 mSSIONE
413 599 700 630 APOSTOLORUM
727 601 777 630 AD
808 597 1097 630 PRAEDICANDUM
1127 597 1206 625 CUM
1234 596 1463 626 POTESTATE
1484 597 1753 627 CURATIONUM.

331 719 494 755 Matthaei
518 730 598 766 cap.
617 720 664 756 IX
682 723 718 755 et
733 720 776 764 X,
798 718 910 755 Marci
933 729 1015 764 cap.
1035 718 1083 755 VI
1105 720 1141 754 et
1157 717 1265 753 Lueae
1286 725 1366 761 cap.
1386 714 1432 750 IX
1451 717 1487 750 et
1504 715 1546 750 X.

174 869 186 891 1
220 856 380 891 VEXA‘sio
409 865 534 890 cantus
570 866 633 890 nsT
667 866 760 891 SAErE
794 866 905 891 cutm

120 913 317 939 PASTORUM.
353 922 387 928 -
408 901 530 937 Posita
549 902 775 946 Evangeliea
791 903 903 949 legis-

125 949 280 994 latione,
304 960 370 994 per
398 949 536 985 Christi
580 949 902 995 [medic-ationem,

120 1000 158 1033 et
183 996 370 1042 descripta
392 997 557 1043 ejusdem
581 996 690 1043 Legis
706 997 905 1031 confirma-

121 1044 238 1088 tione,
263 1055 328 1088 per
340 1044 607 1079 miraculorum
632 1044 902 1088 operationem,

120 1100 222 1127 nunc
242 1095 517 1136 consequenter
540 1091 692 1134 ponitur
714 1091 904 1135 praetlietae

123 1138 231 1183 Legis
258 1139 509 1183 promulgatio
539 1148 603 1181 per
635 1138 903 1182 discipulorum

121 1185 352 1221 missionem.
374 1185 441 1220 Ubi
466 1185 738 1227 Cltrysostomus
760 1197 770 1219 .·
798 1198 814 1217 «
839 1185 903 1220 At-

119 1232 234 1267 tende
263 1236 389 1267 autem
412 1232 731 1276 opportunitatem
756 1231 900 1267 missio-

118 1279 191 1315 nis.
217 1279 422 1324 Postquam
446 1289 530 1314 eum
548 1277 720 1313 xiderunt
734 1283 902 1314 mortuos

119 1326 376 1363 suscitantem.
414 1337 516 1361 mare
558 1326 825 1370 increpantem,
867 1330 904 1361 et

122 1377 249 1410 cetera
267 1374 497 1419 hujusmodi,
519 1376 555 1407 et
574 1373 805 1408 sufficienter
825 1374 901 1408 vir-

119 1420 210 1456 tutis
237 1421 317 1467 ejus
344 1421 704 1456 demonstrationem
730 1431 902 1465 suscepe-

75 1488 78 1491 -
119 1470 210 1503 runt
242 1479 309 1513 per
336 1469 450 1503 verba
484 1471 520 1503 et
551 1479 684 1512 opera,
717 1471 807 1502 tunc
840 1479 902 1503 eos

121 1513 270 1551 emittit.
294 1527 312 1548 »
338 1515 442 1550 Unde
470 1518 506 1549 et
534 1515 689 1550 Glossa:
713 1527 730 1547 «
752 1516 831 1549 Non
854 1515 901 1550 ab

120 1561 228 1597 initio
251 1561 353 1596 misit
374 1562 468 1605 illos,
489 1563 550 1596 sed
581 1564 776 1606 postquam
798 1562 901 1597 vide-

120 1611 209 1644 runt
238 1609 460 1654 paralyticos
488 1613 635 1643 curatos
666 1612 703 1643 et
735 1612 902 1644 mortuos

120 1656 330 1691 suscitatos.
361 1668 378 1689 »
408 1654 500 1698 Quia
527 1666 616 1701 ergo
643 1656 750 1690 multi
776 1656 901 1691 Jesum

122 1703 391 1748 sequebantur,
412 1709 491 1737 tum
518 1706 669 1746 propter
698 1703 902 1748 praedicati-

120 1759 231 1785 onem
254 1750 497 1793 audiendam,
516 1754 596 1784 tum
623 1753 774 1794 propter
797 1750 901 1785 infir-

123 1797 297 1832 mitatum
309 1798 540 1832 curationem
552 1797 764 1832 habendam
775 1808 782 1840 ;
795 1798 903 1832 Jesus

122 1847 249 1879 autem
272 1845 321 1879 ita
344 1855 484 1889 pauper
507 1848 600 1888 erat,
623 1845 722 1887 quod
745 1855 813 1879 nec
836 1845 899 1879 do-

121 1890 317 1933 micilium,
337 1892 400 1926 ubi
421 1896 534 1936 caput
555 1891 767 1934 reclinaret,
789 1891 901 1926 halie-

125 1938 213 1981 bat3
256 1938 341 1973 ideo
380 1939 500 1973 turbae
541 1944 739 1983 sequentes
774 1937 899 1982 illum,

121 1984 281 2030 fatigati,
304 1985 391 2020 fessi
409 1990 444 2019 et
465 1987 581 2020 vexati
606 1986 672 2020 sub
694 1985 767 2028 dio,
790 1996 901 2030 super

124 2033 453 2078 terramjacebant
463 2034 635 2077 ‚Propter
646 2044 666 2077 q
674 2033 745 2067 uod
759 2032 900 2073 videns,

123 2079 261 2115 intuitu
288 2080 511 2122 clementiae,
532 2079 656 2114 turbas
684 2079 728 2113 ad
750 2090 788 2114 se
812 2090 901 2114 eon-

123 2128 464 2172 gregatas‚viscera
482 2126 748 2161 misericordizn
765 2137 902 2171 expan-

124 2173 216 2208 dens
230 2174 330 2209 circa
344 2176 632 2218 ipsasmiisertus
644 2178 680 2208 et
691 2184 903 2218 compassus

123 2224 176 2257 est
193 2223 244 2256 eis
265 2234 275 2256 :
300 2223 388 2266 quia
407 2225 509 2256 erant
527 2222 652 2255 veoeutz'
671 2222 797 2256 labore
818 2231 900 2255 cor-

123 2269 245 2314 porali
265 2272 301 2303 et
320 2270 431 2303 etiam
450 2267 649 2313 spirituali,
665 2269 808 2303 scilieet
825 2278 904 2302 cor-

123 2325 259 2361 porum
283 2319 319 2350 et
343 2318 592 2360 peccatorum,
617 2319 649 2350 et
675 2316 819 2360 abjecte
837 2315 900 2359 ja-

124 2365 253 2403 centes,
269 2363 362 2397 sieut
380 2373 459 2397 oves
476 2367 670 2408 pastorem,
687 2363 751 2407 qui
770 2373 832 2397 eos
851 2363 902 2396 di-

123 2408 358 2454 rigeret,non
371 2411 552 2444 habentes.
566 2411 605 2444 ln
620 2421 694 2455 quo
708 2409 900 2454 pontifices

123 2455 342 2493 Judaeorum
362 2458 567 2501 redarguit,
590 2458 652 2502 qui
672 2457 789 2500 inagis
811 2455 901 2502 lupi,

126 2512 239 2548 quam
263 2507 427 2549 pastores
452 2509 571 2539 erant.
595 2505 697 2539 Unde
723 2505 901 2547 Hierony-

123 2560 226 2585 mus:
241 2563 259 2583 «
281 2550 433 2586 Vexatio
447 2549 570 2597 gregis
583 2554 619 2586 et
636 2552 760 2585 ovium
789 2555 901 2595 atque

123 2597 336 2638 turbarum,
359 2603 547 2642 pastorum
573 2599 682 2643 culpa
712 2603 747 2632 et
773 2598 903 2631 vitium

103 2644 392 2690 'magistrorum
418 2650 486 2680 est.
512 2658 528 2678 ))
562 2646 782 2680 Sacerdotes
803 2645 903 2679 enim

127 2694 165 2726 et
196 2691 367 2727 doctores
401 2691 500 2727 illius
533 2691 732 2736 temporis,
769 2692 902 2726 intenti

128 2738 311 2783 avaritiae,
333 2749 409 2774 non
436 2739 619 2774 vacabant
645 2740 770 2774 debito
796 2739 904 2773 modo

128 2793 258 2820 eorum
280 2786 475 2830 doetrinae,
496 2787 559 2821 sed
581 2791 689 2821 erant
711 2787 806 2821 sieut
829 2785 905 2830 lupi

129 2839 308 2878 rapaces,
347 2834 549 2878 spoliantes
585 2833 763 2879 populum
798 2833 906 2869 bonis

978 853 1264 899 temporalibus,
1286 862 1353 897 per
1378 850 1519 885 malum
1547 851 1757 896 exemplum

980 905 1197 937 revocantes
1217 911 1238 935 a
1256 898 1526 943 spiritualibus.
1543 899 1647 933 Jesus
1667 909 1756 934 vero

979 953 1172 992 tamquam
1200 951 1326 993 pastor
1351 946 1468 980 bonus
1494 945 1671 989 pascebat
1695 955 1757 980 eos

979 995 1170 1037 continue,
1193 995 1307 1029 verbo
1335 992 1515 1027 doctrina}
1539 1003 1614 1027 suae
1643 992 1754 1037 spiri-

979 1044 1191 1085 tualiter,et
1210 1040 1412 1086 aliquando
1429 1038 1541 1074 etiam
1558 1040 1756 1083 temporali

978 1091 1160 1132 subsidio,
1205 1087 1464 1132 corporaliter.
1490 1086 1592 1121 Sicut
1630 1090 1757 1121 autem

978 1141 1079 1179 tunc,
1099 1138 1151 1171 sic
1176 1140 1212 1171 et
1233 1135 1357 1176 hodie,
1379 1133 1470 1177 prol]
1495 1133 1621 1168 dolori
1648 1133 1757 1167 multi

978 1184 1041 1229 qui
1057 1187 1222 1229 pastores
1234 1182 1426 1223 dicuntur,
1437 1184 1602 1215 attamen
1616 1190 1657 1213 ea
1674 1190 1756 1224 quae

979 1232 1153 1275 luporum
1183 1234 1270 1264 sunt
1301 1228 1423 1263 facere
1458 1237 1533 1261 non
1565 1232 1754 1263 verentur.

976 1279 1057 1313 Non
1071 1278 1190 1312 solum
1219 1276 1319 1311 enim
1344 1285 1419 1309 non
1443 1274 1647 1309 emendant
1662 1274 1755 1309 sub-

979 1325 1088 1368 ditos,
1129 1325 1193 1359 sed
1216 1334 1281 1368 per
1307 1321 1574 1367 negligentiam
1599 1324 1636 1355 et
1656 1321 1755 1356 mala

978 1372 1146 1417 exempla
1181 1373 1318 1406 nocent
1349 1379 1478 1404 eorum
1512 1367 1753 1413 profectibus.

978 1421 1128 1454 Mittunt
1143 1419 1361 1454 collectores
1376 1415 1605 1451 decimarum
1621 1418 1657 1450 et
1672 1425 1757 1450 con-

977 1466 1170 1501 fiscatores
1204 1474 1330 1500 rerum
1365 1462 1643 1507 temporalium.
1679 1472 1753 1497 non

978 1514 1218 1558 inquisitores
1232 1512 1426 1547 haereseon
1441 1513 1479 1545 et
1494 1510 1755 1544 emendatores

977 1561 1167 1603 vitiorum,
1183 1564 1217 1594 et
1234 1559 1317 1594 ideo
1335 1560 1390 1592 tot
1403 1560 1440 1591 et
1457 1559 1572 1591 tantae
1592 1557 1756 1592 haereses

976 1612 1012 1643 et
1031 1611 1153 1642 sentes
1178 1607 1355 1641 vitiorum
1382 1604 1419 1638 in
1443 1603 1553 1638 horto
1582 1603 1755 1638 Ecclesiae

972 1655 1049 1700 jam
1078 1654 1264 1699 pullulant
1290 1656 1327 1687 et
1357 1653 1543 1694 crescunt,
1568 1650 1668 1695 quod
1696 1650 1755 1685 vix

975 1702 1159 1737 eradicari
1181 1705 1291 1745 atque
1317 1697 1556 1733 exterminari
1577 1699 1747 1742 possunt,

975 1748 1130 1785 Vexatio
1168 1758 1256 1791 ergo
1290 1747 1415 1781 ovium
1453 1749 1490 1779 et
1524 1744 1755 1789 negligentia

975 1800 1166 1840 pastorum
1188 1793 1255 1829 fuit
1277 1792 1423 1827 occasio
1450 1790 1622 1825 mittendi
1652 1791 1753 1835 Apo-

974 1843 1087 1877 stolos
1109 1843 1154 1877 ad
1178 1839 1456 1887 praedicandum
1480 1838 1614 1883 populo
1640 1841 1677 1872 et
1694 1847 1751 1873 sa-

974 1891 1141 1925 nandum
1158 1889 1391 1930 int'ir1nos‚ut
1406 1896 1478 1920 non
1493 1888 1590 1919 esset
1605 1895 1752 1920 necesse

974 1933 1752 1982 quodomnaecurrerentpostJesumtanto

974 1984 1116 2021 labore.
1131 1984 1174 2018 Et
1190 1981 1359 2028 quamvis
1378 1981 1496 2025 primo
1511 1979 1696 2024 Apostolis
1716 1982 1753 2013 et

975 2032 1211 2076 postmodum
1227 2028 1464 2074 septuaginta
1482 2026 1626 2061 duobus
1642 2025 1751 2060 disci-

974 2079 1084 2123 pulis,
1123 2088 1206 2113 cum
1242 2086 1307 2111 eos
1344 2076 1528 2117 mitteret,
1567 2076 1752 2119 praecepta

975 2126 1148 2171 quaedam
1191 2124 1372 2159 Dominus
1416 2121 1583 2164 dederit,
1624 2123 1749 2155 tamen

972 2174 1059 2218 quia
1078 2173 1156 2207 sere
1177 2170 1304 2205 omnia
1326 2173 1361 2204 et
1382 2169 1438 2204 his
1458 2173 1493 2203 et
1511 2167 1597 2212 illis,
1620 2171 1656 2202 et
1676 2176 1751 2218 noun

973 2220 1093 2254 solum
1114 2218 1211 2264 ipsis,
1234 2218 1298 2252 sed
1319 2223 1355 2251 et
1375 2225 1503 2251 eorum
1526 2224 1750 2249 successori-

973 2267 1041 2302 bus
1062 2270 1099 2301 et
1124 2264 1375 2300 imitatoribus
1400 2263 1599 2297 convenire
1620 2262 1750 2295 viden-

973 2318 1058 2349 tur:
1082 2313 1164 2348 ideo
1179 2312 1216 2347 in
1233 2309 1476 2356 sequentibus
1493 2308 1604 2344 simul
1619 2308 1750 2343 ordine

975 2360 1199 2407 congruenti
1219 2361 1422 2404 ponuntur.

1023 2421 1040 2443 2
1061 2409 1191 2442 MESSIS
1218 2417 1335 2442 MULTA
1363 2417 1405 2440 ET
1440 2414 1604 2439 OPERARH
1633 2412 1749 2443 muci,

975 2467 1057 2496 Quin
1077 2466 1112 2489 ΙΝ
1135 2465 1243 2489 sensu
1263 2463 1483 2488 ALLEGomco
1507 2450 1750 2500 smmmcnnr?

977 2523 1015 2528 -
1045 2502 1294 2537 Considerans
1323 2501 1447 2545 itaque
1475 2500 1581 2534 Jesus
1610 2499 1750 2531 vexati-

975 2559 1087 2585 onem
1115 2549 1239 2584 ovium
1265 2551 1301 2583 et
1331 2546 1596 2593 negligentiam
1626 2546 1749 2595 pasto.-

975 2607 1072 2638 rum,
1097 2599 1242 2640 poterat
1267 2595 1406 2635 dicere,
1432 2597 1468 2629 et
1490 2602 1619 2627 revera
1649 2590 1750 2624 dinc

975 2644 1169 2688 discipulis
1187 2644 1264 2677 suis
1281 2642 1430 2677 :Messis
1452 2640 1598 2685 quidem
1620 2637 1748 2676 multa,

975 2690 1013 2726 id
1047 2695 1102 2726 est
1133 2689 1331 2725 multitudo
1366 2691 1576 2733 praeparata
1605 2685 1653 2736 ad
1682 2683 1751 2717 hoe

978 2738 1077 2783 quod
1099 2748 1164 2782 per
1186 2737 1298 2772 fidem
1321 2736 1520 2781 colligatur
1546 2737 1641 2783 etin
1660 2731 1751 2781 hor-

976 2795 1082 2820 reum
1108 2789 1327 2829 reponatur.
1349 2783 1451 2818 Unde
1477 2784 1513 2815 et
1542 2779 1631 2814 alibi
1659 2777 1750 2829 diei-

975 2835 1037 2868 tur
1063 2846 1071 2868 :
1096 2833 1226 2867 Levate
1257 2831 1376 2867 ocutos
1407 2831 1555 2870 vestros,
1580 2827 1612 2860 et
1635 2822 1753 2858 vzdete
