1894 3186
283 210 332 243 DE
371 206 618 240 HYDROPlCo
658 208 705 239 ET
745 204 1093 240 EXttORTATI‘iNE
1134 202 1186 235 AD
1228 198 1558 234 llUlllLlTATEM.
1691 195 1748 227 ‘203

125 281 293 318 omnium
304 279 392 325 'quse
413 277 526 312 habet
541 279 783 321 recognoscat
798 277 900 312 dato-

127 340 203 364 rem
227 338 307 363 esse
331 328 457 361 Deum.
479 324 574 366 Quat
592 326 684 358 enim
707 325 827 362 habes,
849 323 900 358 in-

127 375 205 421 quit
223 373 434 420 Apostolus,
451 372 546 415 quod
558 382 627 406 non
642 373 840 416 accepisti?
858 391 899 396 -

127 423 309 464 Secundo,
330 418 499 455 consistit
520 420 557 453 in
577 418 801 463 dignitatum
825 418 901 453 vili-

128 465 802 514 pensione,ethaecindurithonorem
816 467 898 509 Dei,

124 519 160 551 et
180 517 259 551 haec
278 515 437 550 habetur
459 513 609 558 quando
629 513 740 548 homo
764 513 800 547 in
821 524 901 548 ma-

123 562 206 608 gnis
230 562 444 603 virtutibus,
477 559 584 595 donis
604 563 715 605 atque
748 559 900 595 honori-

123 610 189 645 bus
205 608 443 652 constitutus,
474 607 563 642 inde
595 618 670 642 non
697 607 899 651 extollitur,

123 657 187 692 sed
199 659 320 692 totum
342 654 569 690 illiinfundit
586 657 623 690 et
639 653 827 699 integrum
840 665 899 690 re-

118 703 162 739 sti
185 703 266 745 tuit,
288 714 310 739 a
328 713 401 748 quo
433 702 706 737 omnebonum
740 703 832 737 tluit.
860 723 898 727 —

119 750 261 794 Tertio,
281 749 451 785 consistit
472 749 508 784 in
533 748 691 784 aliorum
714 748 798 791 sibi,
813 760 903 794 prze-

121 798 286 841 latione3
310 801 345 832 ct
378 798 457 832 haec
481 796 620 832 inducit
656 795 813 842 proximi
842 808 903 842 ap-

119 844 396 891 pretiationem.
427 844 618 887 Quomodo
643 854 792 879 servare
821 847 902 890 pot-

119 892 257 927 erimus
289 892 388 937 quod
413 891 502 926 dicit
531 891 728 937 Apostolus
752 903 759 925 :
783 893 900 926 Hono-

118 951 156 974 re
177 941 294 974 invice
326 941 600 985 prseneniente&
625 938 695 973 nisi
727 938 819 973 alios
845 938 901 974 di-

123 986 275 1032 gniores
305 986 413 1022 nobis
435 986 471 1021 in
492 985 671 1021 virtutum
695 985 835 1020 meritis
857 997 903 1021 ae-

122 1033 349 1069 stimemus?
371 1035 487 1068 Homo
510 1032 608 1068 enim
634 1033 751 1076 illum,
774 1044 846 1078 quo
862 1044 901 1068 se

120 1081 330 1126 digniorem
354 1080 528 1120 aestimat,
552 1080 608 1115 vix
630 1081 813 1123 lionorat;
837 1081 900 1115 sed

121 1127 244 1174 potius
268 1127 488 1163 contemnit.
513 1128 639 1162 Potest
660 1131 694 1162 et
711 1128 779 1162 hoc
802 1128 901 1172 quod

123 1175 265 1210 dictum
287 1179 343 1210 est
364 1175 408 1210 de
429 1174 624 1219 dignitate,
649 1174 762 1209 ctiam
784 1174 898 1220 accipi

121 1222 166 1274 de
199 1222 419 1257 meritorum
460 1221 768 1267 praesnmptione.
798 1222 900 1256 Unde

120 1272 172 1304 alt
189 1270 287 1321 Beda
308 1282 318 1304 .·
343 1283 360 1302 «
378 1271 541 1314 Mystice,
559 1268 727 1314 quisquis
750 1271 900 1314 nuptzas

122 1315 258 1353 Christi
293 1318 329 1351 et
350 1315 526 1351 Ecclesize
549 1315 725 1350 invitatus
750 1316 899 1356 adierit,

121 1363 301 1398 membris
320 1362 496 1398 Ecclesiae
517 1374 584 1408 per
606 1363 719 1397 fidem
740 1363 897 1408 conjun-

122 1413 216 1454 ctus,
241 1421 316 1446 non
338 1421 377 1446 se
399 1410 549 1446 extollat
577 1409 685 1455 quasi
708 1410 903 1445 sublimior

124 1457 272 1501 ceteris,
309 1457 506 1502 gloriando
528 1458 573 1492 de
605 1456 760 1493 meritis
795 1457 903 1492 Dabit

124 1504 224 1540 enim
238 1504 369 1556 'locum
387 1504 619 1539 honoratiori
638 1507 717 1549 post
732 1503 901 1546 invitato,

125 1562 208 1587 cum
236 1551 385 1587 illorum
407 1551 469 1596 qui
492 1562 531 1586 se
561 1551 598 1586 in
619 1550 766 1586 Christo
789 1550 904 1586 secuti

125 1602 224 1642 sunt,
261 1598 427 1644 agilitate
458 1598 623 1644 praeitur.
655 1599 698 1633 Et
731 1609 814 1633 cum
840 1609 903 1633 ru-

124 1647 215 1681 bore
239 1645 485 1681 novissimum
502 1646 625 1680 locum
648 1648 762 1687 tenet,
792 1656 906 1690 quan-

127 1693 244 1744 dode
263 1692 345 1728 aliis
366 1692 524 1728 meliora
538 1703 782 1738 cognoscens,
802 1692 907 1738 quid-

128 1739 217 1792 quld
238 1739 284 1775 de
315 1750 382 1775 sua
411 1739 629 1785 operatione
653 1740 794 1775 celsum
822 1750 905 1775 sen-

129 1787 258 1839 tiebat,
274 1786 459 1822 humiliat.
478 1787 549 1823 Sed
571 1787 755 1822 recumbit
772 1786 906 1832 aliquis

129 1845 168 1869 ln
195 1833 396 1870 novissimo
435 1834 530 1878 loco,
557 1834 761 1870 secundnm
782 1834 873 1869 illud
897 1845 904 1868 :

130 1882 272 1924 Quanto
293 1882 413 1925 major
433 1892 481 1922 es,
510 1885 611 1917 tanto
633 1885 666 1916 te
693 1883 848 1916 humecta.
871 1883 908 1916 ιή

131 1929 308 1963 omnibus.
348 1930 510 1964 Veniens
545 1931 671 1964 autem
705 1928 884 1963 Dominus
899 1956 907 1972 ,

132 1985 242 2027 quem
277 1975 457 2011 humilem
482 1975 679 2019 invenerit,
705 1975 815 2010 amici
842 1986 908 2010 no-

132 2032 242 2074 mine·
255 2022 490 2063 beatificans,
514 2022 685 2068 superius
706 2022 908 2057 ast-endere

132 2069 336 2115 praefflpiet.
351 2070 572 2114 Quicumque
587 2071 681 2104 enim
697 2071 908 2104 humiliare-

131 2119 183 2169 rit
203 2127 254 2161 se,
273 2118 366 2152 sicut
386 2120 563 2162 parvulus
583 2118 664 2161 iste,
688 2118 745 2151 hic
766 2119 817 2151 esc
834 2128 909 2151 ma—

129 2165 253 2215 yor-in
270 2174 378 2208 reqno
400 2165 578 2200 coelorum.
607 2164 765 2199 Pulchre
784 2166 910 2198 autem

133 2210 269 2246 (11611111Ί
285 2222 292 2246 :
314 2213 410 2246 Tunc
427 2213 495 2246 erit
511 2212 580 2247 tibi
596 2212 728 2256 gloria,
748 2221 796 2246 ne
814 2222 911 2246 nunc

133 2268 302 2310 quaerere
340 2257 497 2304 incipias
530 2258 628 2304 quod
651 2257 718 2294 tibi
740 2261 912 2293 servatur

132 2315 170 2357 ln
192 2305 279 2357 fine.
316 2306 444 2341 Potest
475 2305 587 2341 etiam
607 2308 643 2341 et
669 2306 740 2340 hoc
778 2304 816 2340 in
843 2305 912 2340 hac

133 2355 210 2387 vita
235 2351 406 2397 intelligi,
431 2352 518 2397 quia
545 2351 711 2397 quotidie
733 2351 910 2387 Dominus

134 2409 220 2451 suas
246 2399 394 2444 nuptias
424 2398 551 2444 intrat,
577 2400 758 2445 superbos
793 2398 914 2444 despi-

135 2456 250 2498 ciens,
282 2449 318 2481 et
345 2446 550 2481 humilibus
586 2457 685 2492 saepe
721 2449 823 2480 tanta
855 2445 910 2481 sui

135 2496 288 2544 spiritus
308 2503 425 2528 onera
449 2497 647 2539 praestans,
675 2496 714 2528 ut
749 2492 910 2528 discum-

136 2541 305 2591 bentium
340 2544 457 2575 coetus
489 2551 553 2576 eos
579 2540 802 2576 admirando
831 2540 910 2585 glo-

137 2586 271 2622 rificet.
292 2587 359 2629 Qui
380 2586 478 2622 enim
502 2598 541 2623 se
561 2588 607 2623 de
629 2587 771 2622 meritis
791 2587 911 2622 elevat

139 2633 398 2685 humiliabitur
415 2644 437 2669 a
460 2635 633 2679 Domino,
660 2638 695 2669 et
717 2634 778 2679 qui
807 2644 846 2668 se
866 2634 911 2668 de

137 2679 330 2716 beneficiis
343 2681 515 2718 humiliat
523 2681 745 2718 exaltabitur
759 2682 804 2716 ab
817 2692 860 2716 eo
878 2692 909 2716 :»

136 2727 217 2762 haec
235 2728 346 2764 Beda.

189 2789 229 2810 10
247 2775 322 2811 CUR
342 2786 450 2810 Locus
480 2787 606 2811 ramus
642 2787 714 2811 NON
734 2786 911 2811 ArrETEN-

139 2822 227 2857 Dus?
247 2841 290 2848 —-
316 2823 401 2859 Cum
432 2833 519 2869 ergo
540 2825 719 2858 invitatus
738 2824 870 2866 fueris,
890 2832 912 2858 a

972 272 1144 316 Domino,
1176 281 1242 317 per
1263 268 1529 315 praedicatores
1564 276 1664 309 suos,
1701 265 1750 300 ad

971 322 1119 367 nuptias
1157 317 1383 364 spirituales,
1423 327 1506 360 quze
1542 313 1752 349 consistunt

972 369 1006 404 in
1030 365 1296 413 conjunctione
1330 363 1465 399 Christi
1489 367 1525 397 ct
1552 360 1749 403 13‹:‹·lesiae;

972 416 1018 452 ad
1039 426 1131 461 quas
1156 412 1304 459 nuptias
1339 410 1482 446 invitati
1507 412 1593 445 sunt
1621 418 1751 443 omnes

973 461 1175 500 Christiani
1198 472 1205 495 :
1233 469 1392 505 quorum
1421 457 1571 502 quidam
1606 459 1751 490 ceteros

973 510 1155 556 dignitate
1175 506 1413 554 praecedunt,
1431 504 1493 539 alii
1512 514 1598 539 vero
1618 501 1750 537 merito

974 561 1165 600 virtutum,
1177 559 1213 591 et
1230 552 1376 590 excellit
1393 563 1490 587 unus
1512 561 1585 586 una
1599 549 1749 592 virtute,

974 608 1010 641 et
1030 604 1222 641 excellitur
1248 601 1342 643 alia3
1366 599 1429 635 alii
1457 609 1544 634 vero
1566 597 1751 633 excellunt

975 663 1080 688 sacra
1103 648 1364 697 intelligentia,
1386 658 1456 682 non
1481 645 1686 680 discumbas
1713 645 1752 678 in

972 702 1090 746 primo
1128 700 1215 742 loco,
1253 699 1316 732 aut
1349 693 1568 730 meritorum
1599 695 1751 726 tuorum

975 745 1282 794 praesumptione,
1303 746 1366 779 aut
1388 742 1575 791 bonorum
1597 738 1754 773 munda-

976 806 1110 830 norum
1128 792 1346 835 ambitione,
1367 793 1430 825 aut
1444 790 1609 834 appetitu
1631 784 1755 820 inanis

975 843 1116 888 gloriae.
1152 842 1273 883 Quare
1315 841 1440 873 autem
1478 834 1621 881 primus
1648 833 1753 867 locus

940 910 945 922 ι
978 901 1050 925 11611
1073 891 1120 925 sit
1140 886 1376 927 ambiendus,
1399 885 1533 929 probat
1554 892 1595 916 ex
1617 879 1751 915 tribus.

977 937 1116 979 Primo,
1133 947 1175 971 ex
1192 933 1471 979 comparatione
1494 927 1688 973 dignioris.
1712 937 1755 961 ne

974 987 1068 1028 for-te
1082 984 1304 1023 honoratior,
1320 980 1355 1015 id
1372 983 1428 1014 est
1446 977 1596 1019 dignior
1618 973 1751 1020 maj-ori

976 1033 1133 1073 honore,
1153 1032 1201 1065 sic
1221 1030 1399 1063 invitatus
1418 1026 1463 1060 ab
1486 1025 1561 1067 illo,
1585 1026 1620 1058 et
1638 1024 1751 1057 talem

975 1080 1088 1114 debes
1115 1077 1182 1113 tibi
1216 1084 1448 1121 praeponere.
1474 1069 1628 1117 Dignior
1655 1068 1754 1104 euim

976 1125 1108 1171 majori
1136 1126 1278 1159 honore
1296 1124 1353 1157 est
1375 1118 1589 1159 virtuosior,
1613 1120 1647 1152 et
1670 1116 1754 1151 idco

975 1172 1133 1218 quilibet
1153 1174 1455 1216 quantacumque
1479 1164 1659 1210 dignitate
1680 1163 1757 1209 pol-

974 1220 1061 1262 leat,
1082 1219 1196 1254 habet
1221 1214 1457 1251 incitativum
1494 1210 1663 1255 fugiendi
1687 1212 1755 1245 ho-

976 1276 1119 1309 norem,
1145 1265 1175 1300 si
1212 1263 1384 1299 attendat
1413 1260 1513 1306 quod
1537 1260 1575 1294 in
1601 1267 1756 1303 congre-

974 1314 1124 1359 gatione
1149 1322 1231 1348 esse
1257 1312 1380 1356 potest
1400 1307 1535 1353 aliquis
1570 1317 1613 1342 eo
1641 1306 1757 1340 hono-

974 1361 1105 1397 ratior.
1146 1361 1228 1395 Non
1260 1357 1363 1393 enim
1389 1353 1562 1401 dignitati
1598 1353 1755 1388 debetur

977 1407 1196 1444 excellentia
1213 1403 1380 1444 honoris,
1404 1402 1473 1438 nisi
1495 1401 1584 1447 quia
1606 1401 1685 1446 ipsa
1700 1402 1755 1434 at-

976 1459 1137 1491 testatur
1157 1451 1413 1490 excellentiam
1436 1449 1597 1484 virtutis.
1622 1468 1665 1473 —
1689 1448 1755 1482 Se·

977 1503 1114 1545 cundo,
1150 1502 1220 1536 hoc
1253 1500 1353 1534 idem
1382 1497 1518 1543 probat
1541 1506 1583 1530 ex
1610 1492 1754 1539 indigni

978 1551 1175 1596 cJ'ectione,
1193 1546 1280 1593 quia
1296 1546 1401 1581 locus
1413 1542 1582 1579 sublimis
1604 1541 1756 1587 indigno

979 1608 1054 1633 non
1076 1600 1132 1632 est
1159 1593 1318 1637 stabilis,
1340 1593 1403 1627 sed
1427 1601 1526 1636 saepe
1549 1590 1636 1624 inde
1657 1587 1759 1634 ejici-

978 1649 1051 1688 tur,
1073 1643 1173 1679 unde
1195 1641 1330 1677 dicitur
1349 1651 1356 1674 z
1379 1641 1425 1674 Et
1445 1639 1603 1677 veniens,
1626 1647 1693 1682 per
1711 1634 1760 1670 et*-

980 1692 1186 1733 t'ectu1n,is
1225 1690 1290 1733 qui
1324 1690 1358 1722 te
1393 1684 1552 1728 vocavit,
1581 1688 1613 1719 et
1639 1685 1759 1727 illum,

979 1740 1078 1774 dicat
1100 1738 1180 1777 tibi,
1204 1736 1316 1778 sacto,
1339 1732 1481 1769 scilicet
1502 1738 1537 1767 te
1559 1730 1760 1767 humilian-

980 1787 1042 1830 do,
1056 1789 1091 1821 ct
1110 1784 1225 1820 alium
1242 1782 1307 1818 tibi
1327 1779 1560 1827 praeferendo
1576 1790 1583 1813 t
1602 1781 1655 1813 Da
1675 1779 1758 1812 huic

981 1836 1109 1869 locum.
1129 1842 1202 1877 quo
1224 1830 1426 1875 reputabas
1443 1831 1479 1862 te
1496 1826 1666 1871 dignum.
1684 1826 1759 1860 Hoc

981 1891 1080 1926 saepe
1101 1877 1238 1921 evenit,
1261 1876 1361 1922 quod
1382 1874 1443 1921 qui
1464 1874 1620 1920 putabat
1641 1883 1680 1907 se
1701 1871 1759 1907 di-

981 1927 1266 1974 gnumhonore,
1289 1923 1435 1969 ejicitur
1456 1932 1478 1957 a
1499 1931 1565 1956 sua
1588 1918 1758 1965 cogitati-

982 1985 1066 2018 one,
1089 1977 1125 2009 et
1142 1971 1339 2018 expellitur
1356 1969 1457 2005 inde.
1475 1989 1521 1994 —
1535 1967 1674 2010 Tertio,
1691 1967 1761 2001 hoc

983 2022 1082 2057 idem
1105 2020 1237 2066 probat
1273 2029 1315 2053 ex
1336 2017 1565 2057 confusione,
1602 2024 1686 2060 quae
1721 2024 1760 2049 se

984 2069 1112 2114 quitur
1136 2068 1234 2102 hanc
1255 2064 1496 2111 ejectionem3
1519 2062 1620 2097 unde
1639 2060 1762 2096 subdi-

984 2121 1061 2151 tur:
1073 2117 1119 2150 Et
1132 2118 1215 2149 tunc
1231 2114 1389 2157 incipias
1399 2121 1478 2145 cum
1486 2109 1762 2144 ruborenovz'ssi

983 2174 1081 2198 mum
1101 2163 1354 2199 locumtenere,
1367 2158 1594 2193 erubescens
1606 2155 1760 2198 scilicet,

985 2209 1133 2256 quando
1150 2207 1268 2253 quide
1279 2210 1314 2241 te
1325 2205 1468 2250 majora
1477 2201 1761 2250 praesumpsisti,

984 2256 1139 2302 incipies
1162 2252 1364 2293 humiliari,
1390 2251 1496 2297 quasi
1520 2251 1688 2296 dejectus
1723 2248 1761 2284 in

984 2305 1108 2340 animo
1126 2307 1204 2345 tuo,
1224 2305 1288 2336 aut
1311 2300 1450 2345 eJ‘ectus
1472 2298 1517 2334 de
1535 2302 1597 2333 tuo
1620 2296 1759 2340 officio,

983 2356 1047 2387 aut
1070 2350 1236 2395 deiectus
1256 2351 1339 2393 post
1362 2349 1520 2381 mortem
1540 2345 1578 2380 in
1599 2344 1760 2380 inferno.

1035 2413 1071 2434 11
1097 2398 1170 2433 CUR
1192 2407 1309 2431 AUTEM
1335 2404 1544 2429 novissmus
1571 2403 1679 2427 LOCUS
1700 2402 1763 2426 AP-

984 2444 1190 2480 PETENDUS‘?
1219 2463 1260 2468 —
1294 2441 1449 2485 Deinde,
1479 2439 1642 2475 ostendit
1673 2437 1763 2484 quid

986 2492 1033 2528 sit
1047 2490 1325 2527 observandum
1344 2488 1377 2524 ei
1408 2488 1471 2533 qui
1485 2489 1561 2523 vult
1580 2488 1763 2522 honorem

985 2539 1196 2585 acquirere,
1221 2536 1309 2582 quia
1332 2536 1444 2571 debet
1479 2533 1635 2569 humilia
1656 2533 1701 2567 de
1723 2542 1762 2566 se

987 2586 1138 2622 sentire.
1162 2585 1266 2620 Unde
1288 2583 1378 2619 dicit
1397 2594 1404 2617 z
1428 2582 1498 2618 Sed
1517 2593 1595 2617 cum
1616 2583 1763 2614 *vocatus

985 2635 1117 2677 fueris,
1132 2633 1236 2672 vade,
1260 2641 1336 2666 non
1357 2633 1392 2665 te
1413 2639 1561 2671 excusa,
1577 2631 1611 2661 ct
1629 2637 1765 2661 recum-

988 2681 1027 2716 be
1047 2683 1085 2716 in
1106 2681 1300 2715 novissimo
1319 2679 1406 2719 loco,
1425 2676 1608 2711 minorem
1624 2677 1659 2708 te
1681 2672 1764 2707 aliis

987 2727 1218 2773 reputand03
1241 2730 1276 2761 et
1300 2728 1335 2760 te
1357 2734 1437 2759 esse
1463 2723 1501 2757 in
1532 2721 1705 2756 omnibus
1726 2719 1763 2754 in

986 2774 1061 2810 imo
1084 2774 1231 2817 merito,
1257 2771 1325 2808 etsi
1347 2771 1441 2806 sorte
1457 2769 1506 2804 sis
1523 2766 1764 2803 excellentior

987 2821 1170 2868 dignitate
1195 2820 1254 2856 vel
1291 2816 1448 2864 originis
1474 2815 1681 2852 nobilitate.
1721 2815 1765 2848 Et
