1894 3186
442 226 494 260 DE
532 224 806 258 REFECTIONE
843 224 1032 263 QUINQUE
1071 223 1262 256 MILLIUM
1305 220 1522 254 lIOMINUM.

166 309 234 344 que
262 301 385 334 antem
414 296 532 331 millia
558 295 717 329 virorum
745 294 945 329 Dominum

166 345 415 390 sequentium,
430 342 674 387 designantur
688 340 797 376 activi
814 352 945 376 omnes

167 393 329 438 quinque
356 389 526 427 sensibus
554 388 794 424 interioribus
822 391 857 424 et
883 399 943 424 ex-

165 440 377 478 terioribus,
394 448 486 482 quos
504 435 711 482 possident,
728 436 820 471 benc
842 439 944 471 uten-

160 490 238 531 tes;
258 497 323 533 per
344 484 520 520 mulieres
537 494 624 519 vero
645 486 680 519 et
700 483 875 528 parvulos
892 483 942 518 si—

162 534 386 580 gnificantur
425 531 563 566 infirmi
602 531 768 566 nonduin
806 541 940 576 pugnae

160 580 300 624 idonei,
327 579 387 625 qui
416 589 574 614 numero
599 580 687 614 sunt
713 577 856 623 indigni
899 577 940 613 Hi

158 639 247 674 ergo
269 626 436 673 praedicti
464 629 563 661 recte
590 625 753 671 quinque
780 624 940 670 panibus

159 675 322 718 aluntur,
347 673 434 719 quia
462 673 553 708 tales
580 683 732 708 necesse
761 676 816 707 est
837 672 938 716 lega-

156 721 255 758 libus
282 722 403 758 adhuc
428 720 624 767 praeceptis
655 719 818 763 institui3
852 731 938 755 nam

158 769 219 815 qui
245 769 383 805 mundo
413 769 459 804 ad
488 768 678 813 integrum
707 767 936 808 renuntiant,

158 821 318 861 quatuor
340 821 427 851 sunt
455 815 584 859 millia,
611 819 645 851 et
668 818 811 861 septem
834 814 937 859 pani-

156 864 227 900 bus
254 863 382 899 refecti
406 877 415 898 :
439 864 508 899 hoc
533 866 586 898 est
611 862 832 907 Evangelica
853 867 936 908 per-

156 910 317 947 fectione
349 911 543 955 sublimes,
574 914 611 946 et
637 909 822 956 spirituali
849 912 938 945 sunt

156 958 277 1003 gratia
297 959 409 994 docti.
435 959 524 994 Cum
547 969 635 1003 ergo
656 958 694 993 in
714 958 785 992 hoc
809 956 935 992 convi-

154 1005 214 1041 vio
242 1005 391 1041 Domini
428 1005 689 1041 tantummodo
719 1006 792 1039 viri
822 1004 936 1039 fuisse

154 1052 343 1095 dicuntur,
380 1052 534 1098 mystice
574 1062 771 1087 monemur
810 1054 861 1094 ut,
891 1050 934 1094 si,

154 1110 266 1145 quain
288 1100 410 1136 suavis
429 1100 475 1134 sit
497 1099 689 1141 Dominus,
708 1101 857 1143 gustare
876 1098 938 1133 de-

156 1146 378 1191 sideramus,
404 1149 495 1190 ciri,
526 1146 561 1181 id
587 1149 640 1181 est
667 1148 781 1180 t'ortes
805 1148 937 1180 contra

154 1194 379 1230 tentationes
401 1195 534 1236 simus;
558 1192 614 1228 vir
634 1192 731 1228 enim
754 1203 775 1227 a
796 1192 936 1226 viribus

153 1240 301 1284 dicitur,
323 1245 358 1276 et
379 1241 544 1276 virorum
566 1239 717 1275 nomine
739 1238 821 1274 illos
843 1238 937 1274 Scri-

151 1291 261 1334 ptura
285 1292 413 1324 >ancta
432 1287 630 1333 designare
651 1287 856 1329 consuevit,
873 1285 935 1331 qui

152 1334 309 1370 viriliter
322 1339 554 1371 tentamenta
565 1334 746 1370 vicerunt.
762 1333 829 1377 Qui
845 1344 934 1378 ergo

153 1393 298 1418 coenam
338 1382 483 1418 Domini
520 1382 763 1425 manducant,
798 1380 934 1416 virtute

152 1429 288 1465 mentis
310 1434 346 1465 et
367 1441 480 1465 sensu
499 1432 572 1464 viri
591 1440 673 1464 esse
690 1429 842 1472 debent,
861 1438 934 1463 non

150 1475 191 1512 in
212 1477 522 1523 concupiscentiis
539 1476 693 1512 emolliti
716 1475 809 1511 sicut
830 1474 934 1510 femi-

150 1534 222 1567 nae,
248 1535 315 1559 nec.
340 1524 520 1570 puerilem
554 1534 703 1559 sensum
734 1524 932 1565 habentes,

151 1570 247 1606 sicut
264 1571 381 1616 pueri.
406 1573 476 1607 Per
496 1570 720 1606 discubitum
742 1574 882 1613 autem,
898 1572 935 1604 et

153 1617 359 1653 sessionem
381 1618 561 1664 corporis,
588 1617 808 1663 intelligitur
829 1616 934 1661 quies

153 1665 308 1708 mentis;
333 1666 394 1710 qui
424 1665 523 1700 enim
545 1677 565 1700 a
587 1667 661 1700 Deo
689 1663 934 1710 spiritualiter

152 1712 254 1757 pasci
276 1712 477 1755 desiderat,
501 1716 646 1758 oportet
668 1712 767 1757 quod
790 1711 931 1754 sedeat,

151 1759 190 1794 id
211 1763 267 1795 est
295 1771 316 1795 a
337 1760 434 1795 curis
458 1758 670 1805 superfluis,
693 1762 730 1794 et
752 1757 933 1793 turbatio·
974 1778 977 1804 ÷

151 1805 260 1843 nibus
289 1807 541 1852 conquiescat.
570 1806 781 1842 Secundum
800 1805 935 1840 Rectam
975 1807 977 1846 ξ

156 1901 359 1937 Dominicis
398 1904 603 1946 pascuntur
639 1899 837 1943 alimentis,
873 1899 936 1943 qui

155 1958 224 1994 per
263 1948 534 1983 continentiam
572 1947 722 1982 calcatis
761 1945 935 1991 concupi-

158 1994 320 2038 scentiis,
348 1994 543 2030 audiendis
569 1993 845 2040 implendisque
872 1993 937 2027 Dei

156 2041 295 2085 verbis,
318 2052 470 2087 operam
508 2041 742 2086 impendunt.
780 2043 937 2076 Foenum

157 2088 259 2125 enim
276 2099 427 2124 carnem
449 2088 649 2134 significat,
673 2089 876 2124 secundum
898 2086 942 2122 il-

156 2136 220 2172 lud
244 2147 252 2171 z
278 2137 400 2172 Omnis
420 2147 501 2171 caro
514 2138 649 2179 foenum
662 2150 672 2178 ,·
687 2147 756 2172 nec
772 2137 817 2172 ad
836 2147 940 2172 men-

158 2193 237 2219 sam
252 2184 316 2219 Dei
339 2183 450 2229 digne
465 2183 595 2230 sedere
613 2183 763 2229 poterit,
780 2183 842 2229 qui
861 2195 940 2219 car-

157 2241 245 2266 nem
266 2241 332 2276 pei-
351 2233 569 2266 servitutem
591 2230 737 2276 spiritui
759 2242 834 2266 non
856 2232 939 2266 sub·
979 2245 981 2270 2
1664 2267 1669 2272 .

1013 2290 1055 2315 ex
1094 2277 1222 2314 divina
1259 2273 1504 2321 dispositione
1528 2269 1672 2315 impleti
1708 2268 1793 2302 sunt

152 2277 245 2324 jicit.
270 2277 338 2321 Qui
360 2289 448 2323 ergo
467 2278 544 2313 vult
564 2278 668 2314 refici
691 2289 786 2323 pane
807 2278 937 2323 gratiae

157 2324 375 2370 spiritualis,
416 2336 622 2370 congruum
655 2329 711 2361 est
740 2329 779 2361 ut
809 2326 938 2361 sedeat

1744 215 1800 252 169

1019 304 1065 329 ne
1086 292 1212 329 oculos
1234 291 1400 327 sublevet
1419 289 1465 325 ad
1489 291 1605 324 Denin
1628 299 1635 322 :
1659 286 1803 335 primo,

1018 340 1167 387 quando
1190 338 1301 374 nimis
1329 340 1532 382 occupatur
1556 337 1653 371 circa
1675 333 1798 370 sensi-

1017 388 1118 431 bilia,
1136 387 1172 422 id
1190 389 1424 422 estteri·eiias
1439 382 1696 427 divitiiis,quia
1708 385 1796 417 tunc

1017 435 1146 471 oculus
1168 434 1328 469 foedatur
1350 432 1504 478 pulvere
1525 429 1709 472 avsiriti2n;
1736 439 1794 464 se-

1015 483 1150 526 cundo,
1182 480 1330 527 quando
1356 481 1557 524 occupatur
1578 477 1675 512 circa
1696 475 1796 511 dele-

1015 530 1177 574 ctabilia,
1192 529 1229 565 id
1245 532 1300 564 est
1319 526 1417 562 circa
1438 525 1607 561 carnales
1629 522 1796 565 deliciaS,

1015 577 1102 624 quia
1122 581 1209 613 tunc
1230 575 1358 612 oculus
1379 576 1586 609 excaecatui·
1608 571 1692 616 igne
1713 580 1798 605 con-

1014 623 1275 671 cupiscentiae;
1308 621 1432 664 tertio,
1462 619 1609 671 quando
1637 627 1797 669 occupa-

1014 679 1073 708 tur
1092 672 1191 708 circa
1212 669 1399 713 sublimia,
1422 668 1459 704 id
1480 670 1535 702 est
1556 676 1653 701 circa
1673 665 1792 700 ambi-

1014 720 1133 755 tiones
1170 718 1396 760 mundanas3
1429 714 1516 761 quia
1550 718 1636 749 tunc
1665 710 1794 747 oculus

1012 769 1235 803 obst-uratur
1246 766 1346 801 fumo
1359 761 1556 810 superbiae.
1575 762 1694 803 Fregit
1707 769 1793 803 quo-

1012 826 1096 861 que,
1115 818 1151 850 et
1171 817 1257 850 ante
1275 814 1402 848 turbas
1420 808 1615 856 ponendos
1636 808 1795 850 discipu-

1012 865 1057 897 lis
1070 873 1188 908 panes
1200 862 1313 904 dedit,
1324 859 1411 905 quia
1420 859 1545 893 clausa
1555 855 1792 904 sacramenta

1012 910 1133 955 Legis,
1160 915 1195 944 et
1216 908 1437 954 prophetite,
1465 903 1607 954 sanctis.
1629 902 1794 937 doctori-

1013 958 1094 1001 bus,
1110 956 1170 1002 qui
1193 957 1273 991 haec
1290 958 1365 990 toto
1385 954 1475 988 orbe
1493 950 1711 997 praedicent,
1730 957 1792 992 pa-

1012 1004 1148 1039 tefecit.
1172 1003 1277 1046 Quod
1298 1005 1423 1037 autem
1443 997 1562 1035 turbis
1583 996 1790 1041 supererat,

1012 1062 1033 1087 a
1054 1049 1247 1096 discipulis
1269 1048 1391 1091 colligi
1412 1045 1541 1089 voluit,
1564 1044 1651 1089 quia
1674 1051 1793 1077 secre-

1011 1098 1107 1133 tiora
1134 1096 1403 1141 intelligentiae,
1429 1097 1466 1129 et
1486 1092 1690 1127 sacratiora
1711 1099 1790 1134 my-

1011 1145 1138 1188 steria,
1162 1154 1243 1189 quoe
1264 1154 1285 1178 a
1310 1141 1465 1177 rudibus
1486 1139 1565 1184 capi
1589 1138 1790 1182 nequeunt,

1010 1203 1086 1227 non
1115 1194 1200 1227 sunt
1222 1189 1456 1235 negligenter
1476 1184 1700 1226 omittend.13
1723 1182 1787 1217 sed

1010 1250 1032 1275 a
1050 1237 1241 1284 discipulis
1260 1235 1420 1279 Domini,
1446 1237 1481 1270 et
1502 1242 1632 1268 eorum
1653 1239 1794 1282 succes-

1010 1287 1156 1323 soribus
1177 1284 1376 1330 diligenter
1400 1280 1639 1327 inquirenda,
1663 1281 1698 1313 et
1718 1276 1791 1328 illis

1009 1334 1071 1380 qui
1094 1332 1218 1370 idonei
1241 1335 1328 1368 sunt
1342 1330 1435 1366 alios
1453 1329 1602 1370 docere,
1624 1327 1792 1376 commit-

1009 1382 1137 1418 tenda.
1165 1381 1257 1416 Nam
1280 1390 1346 1425 per
1371 1376 1549 1423 cophinos
1577 1373 1787 1424 duodecim,

1007 1427 1175 1475 Apostoli
1209 1430 1245 1463 et
1272 1428 1469 1471 sequentes
1498 1421 1565 1457 viri
1593 1418 1787 1471 apostolici

1007 1481 1043 1512 et
1072 1477 1244 1511 doctores
1271 1474 1493 1519 figurantur,
1517 1468 1607 1504 foris
1636 1466 1786 1517 quidem

1006 1523 1224 1559 hominibus
1245 1519 1425 1566 despecti,
1453 1517 1518 1553 sed
1539 1516 1637 1551 intus
1659 1514 1786 1565 Salva-

1007 1571 1099 1607 toris
1117 1570 1187 1605 cibi
1209 1567 1377 1613 reliquiis
1399 1563 1589 1601 cumulati.
1611 1562 1788 1606 Cophinis

973 1617 974 1624 ’
1008 1618 1109 1654 enim
1147 1616 1295 1652 servilia
1329 1617 1365 1649 et
1402 1613 1589 1648 rusticana
1628 1610 1789 1651 aguntur

973 1669 975 1688 ²
1008 1676 1122 1711 opera
1143 1668 1179 1700 et
1199 1662 1345 1704 ot'ticia;
1365 1664 1401 1696 et
1418 1662 1510 1694 Deus
1528 1658 1673 1701 infirmit
1689 1664 1789 1689 mun-

1008 1714 1047 1748 cla·
1068 1714 1188 1756 elegit,
1207 1714 1245 1745 ut
1266 1708 1467 1752 confundat
1486 1706 1614 1749 fortia.
1642 1704 1704 1737 Est
1723 1711 1790 1736 au-

1009 1765 1084 1796 tem
1124 1757 1319 1804 cophinus,
1361 1753 1566 1790 secundum
1596 1750 1790 1801 Isidorum,

1010 1818 1073 1843 vas
1104 1818 1146 1841 ex
1168 1803 1336 1849 virgultis
1364 1802 1515 1843 sactum,
1543 1803 1578 1833 et
1601 1797 1647 1832 de
1669 1805 1792 1842 juncis

151 1863 314 1906 quoque,
349 1865 457 1899 saper
487 1856 623 1897 foenum
656 1853 935 1888 discumbentes
976 1849 977 1889 J
1011 1854 1067 1890 vel
1087 1852 1302 1894 viminibus,
1319 1852 1381 1885 aut
1401 1849 1446 1883 de
1466 1845 1562 1882 foliis
1580 1844 1790 1890 palmarum

977 1896 979 1937 ᾖ
1011 1905 1239 1943 contextum,
1256 1902 1382 1944 aptum
1399 1895 1445 1931 ad
1462 1892 1684 1940 portandum
1703 1900 1791 1934 pur-

977 1944 979 1964 i

979 2027 980 2053 i

979 2110 981 2142 l

158 2382 270 2424 super
286 2372 442 2415 foenum,
458 2371 494 2407 id
511 2376 567 2408 est
578 2375 617 2408 ut
628 2372 845 2408 dominetur
860 2384 938 2408 cor·
979 2403 980 2406 ,

157 2428 239 2464 pori
261 2429 343 2463 suo,
365 2422 402 2454 et
425 2420 624 2455 mortificet
644 2431 794 2456 carnem
816 2430 935 2456 suam.

159 2465 330 2518 Salyator
358 2469 482 2502 autem
507 2477 583 2502 non
609 2477 706 2503 nova
726 2467 865 2503 creavit
885 2468 936 2502 ci-

158 2513 278 2565 baria,
292 2513 357 2565 sed
372 2514 620 2559 praesentibus
636 2515 837 2557 benedioez'63
852 2516 939 2559 quia

158 2570 313 2595 veniens
333 2571 371 2594 in
390 2571 516 2604 carne,
532 2571 608 2596 non
629 2561 703 2597 alia
721 2572 834 2607 quain
855 2572 937 2606 quae

159 2606 235 2659 Lex·
252 2610 287 2642 et
312 2608 508 2653 Prophetae
529 2608 779 2654 praedixerant
801 2607 935 2654 praedi-

160 2658 268 2697 cavit,
294 2657 330 2689 et
351 2665 395 2690 ea
418 2655 602 2700 mysteriis
631 2655 762 2701 gratiae
784 2654 935 2701 gravida

160 2699 440 2751 demonstravit.
472 2702 623 2748 Aspexit
654 2705 690 2738 in
722 2703 871 2746 ccelum,
899 2704 938 2737 ut

158 2746 246 2782 illuc
279 2747 511 2793 dirigendam
550 2749 686 2785 mentis
719 2751 851 2793 aciem,
888 2747 937 2784 ibi

158 2792 280 2829 lucem
310 2795 476 2831 scientiae
498 2796 630 2832 doceat
657 2807 738 2832 esse
761 2806 934 2842 quaeren-

159 2839 260 2876 dam.
295 2841 366 2877 Sed
395 2842 591 2889 tripliciter
622 2843 824 2890 impeditur
854 2841 937 2889 quis

978 1968 979 1983 2
1011 1951 1200 1996 gamenta,
1225 1949 1259 1982 et
1285 1945 1333 1980 ad
1355 1942 1505 1979 servilia
1531 1949 1658 1985 opera.
1690 1936 1794 1972 Unde

1012 1998 1049 2031 in
1073 1996 1220 2031 Psalmo
1242 1994 1287 2028 de
1306 1991 1447 2036 Josepli
1471 1987 1606 2024 dicitur
1632 1997 1639 2021 :
1660 1986 1792 2020 Manus

979 2060 981 2072 ι
1012 2045 1090 2088 ejus
1104 2045 1141 2077 in
1156 2043 1306 2087 cophino
1321 2039 1534 2075 servierunt.
1552 2035 1652 2069 Sicut
1667 2035 1793 2067 autem

980 2097 981 2103 ¹
1012 2090 1121 2136 pauci
1142 2099 1259 2135 panes
1282 2090 1316 2123 et
1336 2085 1457 2132 pisces
1476 2080 1583 2118 fracti
1601 2082 1638 2115 in
1657 2078 1792 2129 inultas

980 2150 981 2153 ¹
1012 2137 1192 2183 reliquias
1213 2134 1472 2174 excreverunt3
1497 2131 1548 2165 sic
1566 2128 1668 2163 cibus
1689 2125 1793 2161 verbi

1014 2184 1093 2229 Dei,
1116 2187 1254 2230 quanto
1275 2180 1394 2225 magis
1415 2177 1666 2217 distribuitur,
1685 2175 1791 2208 tanto

1013 2231 1134 2278 magis
1159 2229 1440 2275 multiplicatur.
1464 2226 1536 2261 Nec
1560 2234 1582 2258 a
1603 2231 1704 2263 casu,
1727 2219 1792 2254 sed

1013 2324 1210 2362 duodecim
1237 2322 1400 2369 cophini,
1425 2318 1631 2355 set-undum
1660 2323 1792 2349 nume-

1011 2383 1095 2409 ruin
1117 2371 1313 2408 duodecim
1331 2367 1596 2415 Apostolorum
1614 2375 1622 2408 ;
1642 2372 1708 2398 nec
1726 2360 1791 2396 da-

1011 2423 1048 2455 ta
1081 2424 1170 2455 sunt
1200 2419 1319 2454 turbae
1350 2417 1562 2461 fragmenta
1592 2407 1793 2461 portanda,

1011 2467 1076 2503 sed
1097 2465 1301 2512 discipulis,
1323 2467 1365 2500 ut
1392 2473 1459 2509 per
1478 2462 1549 2497 hoc
1573 2459 1790 2510 designare-

1010 2517 1072 2550 tur
1093 2514 1191 2559 quod
1220 2513 1429 2559 fragmenta
1450 2511 1487 2545 et
1514 2506 1682 2552 reliquiae
1707 2512 1789 2538 vei·-

1011 2562 1144 2597 boruin
1159 2560 1294 2597 Christi
1308 2570 1375 2606 per
1389 2556 1586 2604 Apostolos
1604 2554 1710 2588 erant
1727 2558 1791 2594 per

1012 2608 1192 2644 mundum
1218 2606 1413 2654 portanda,
1438 2608 1474 2640 et
1503 2613 1569 2649 pei·
1589 2611 1653 2637 eos
1677 2596 1790 2649 corda

1007 2656 1140 2701 jejuna
1159 2654 1364 2701 pascenda;
1389 2652 1451 2698 qui
1474 2652 1568 2687 bene
1589 2645 1786 2695 duodecim

1012 2713 1093 2738 esse
1115 2702 1303 2745 dicuntur,
1327 2699 1413 2746 quia
1433 2699 1527 2734 fides
1548 2696 1686 2746 sanctae
1707 2692 1787 2726 Tri-

1011 2750 1138 2785 nitatis
1154 2749 1191 2784 in
1210 2752 1369 2795 quatuor
1390 2746 1517 2782 mundi
1538 2741 1705 2790 partibus
1722 2748 1792 2783 pei·

1012 2807 1076 2832 eos
1108 2801 1189 2832 erat
1218 2794 1466 2842 praedicanda.
1498 2792 1601 2828 Unde
1628 2787 1787 2839 Ambra·-

1010 2845 1088 2880 sius
1105 2855 1116 2879 .·
1141 2857 1160 2877 «
1181 2843 1248 2879 Hic
1267 2853 1355 2878 vero
1373 2840 1494 2888 panis,
1518 2847 1631 2885 quem
1650 2835 1789 2879 frangit
