1894 3186
129 216 189 252 268
602 222 741 254 riiiiisii
780 220 934 253 Pieris
974 219 1107 251 CAPUT
1144 219 1273 252 Lxxx

138 298 282 323 marum
313 293 350 325 et
382 289 576 325 inebrieris
607 291 692 325 vino
721 299 900 334 compun-

137 335 280 378 ctionis,
312 336 387 371 noli
426 337 582 373 invitare
609 336 761 380 amicos,
784 338 820 370 id
848 339 904 370 cst

134 382 208 417 noli
233 393 341 418 orare
366 386 510 419 tantum
532 395 596 429 pro
617 383 744 419 amicis
767 387 803 418 et
820 393 904 418 con-

133 430 349 474 sanguineis
385 430 472 475 tuis,
496 436 532 466 et
559 442 623 476 pro
651 430 837 474 divitibus,
868 429 904 464 id

137 478 193 510 est
214 487 278 518 pro
299 477 418 521 justis,
438 478 500 523 qui
519 481 604 513 sunt
621 477 752 513 divites
773 477 811 512 in
830 476 904 511 vir-

135 522 292 566 tutibus;
313 524 377 559 sed
397 535 461 569 pro
482 524 643 560 inimicis
671 528 707 559 et
734 526 905 569 peceato-

137 570 252 605 ribus.
277 571 339 615 qui
361 581 445 606 vere
475 582 657 617 pauperes
684 576 781 606 sunt.
802 570 906 605 Unde

139 616 261 652 subdit
292 629 302 652 .-
329 618 400 654 Sed
435 629 521 654 voca
557 628 745 664 pauperes,
777 617 815 652 id
852 620 908 651 est

138 664 284 699 associa
317 664 355 699 in
385 668 449 701 tua
475 666 644 701 oratione
672 667 905 709 peccatores,

138 712 175 745 et
196 710 397 746 subdividit
419 723 482 747 eos
504 713 539 747 in
565 711 636 746 tria
664 721 802 755 genera
822 721 906 754 pec-

139 759 321 800 catorum,
345 759 470 794 dicens
492 772 499 794 z
524 759 671 798 debiles,
692 758 729 792 id
750 761 802 792 est
820 768 904 802 pee-

135 806 262 839 cantes
277 815 318 840 ex
336 805 566 849 infirmitate,
579 809 611 840 et
625 805 786 845 claudos,
799 804 835 839 id
851 806 907 839 est

137 855 335 895 peccantes
355 862 397 887 ex
420 852 575 895 malitia,
596 851 736 887 scilicet
752 850 815 896 qui
838 852 904 885 ha—

136 898 225 932 bent
259 900 391 943 pedem
428 899 639 934 intellectus
675 909 821 941 sanum,
842 898 906 933 sed

135 951 266 988 pedem
296 945 451 980 affectus
481 946 690 988 infirmum3
720 949 752 980 et
786 956 904 985 caecos,

136 991 170 1025 id
194 994 249 1025 est
274 995 468 1035 peccantes
490 1003 532 1027 ex
553 992 780 1037 ignorantia.
803 993 904 1027 Prae-

135 1037 277 1073 dicator
298 1040 409 1074 etiam
431 1039 533 1075 verbi
555 1039 669 1075 divini
695 1039 781 1074 facit
802 1039 907 1084 spiri-

137 1086 236 1119 tuale
273 1085 479 1121 convivium
499 1098 507 1130 ;
537 1087 601 1121 scd
643 1086 672 1121 si
715 1088 803 1121 facit
837 1086 907 1121 hoe

135 1134 288 1177 propter
313 1132 467 1167 lionoris
498 1134 554 1168 vel
577 1133 669 1168 lucri
690 1132 907 1179 temporalis

137 1179 453 1223 consecutionem,
482 1191 555 1215 non
588 1181 740 1215 habebit
773 1191 794 1215 a
832 1181 906 1215 Deo

139 1226 367 1269 mercedem;
389 1226 416 1260 si
439 1237 526 1262 vero
548 1227 634 1262 facit
652 1230 803 1272 propter
824 1226 906 1262 ani-

137 1282 283 1307 marum
309 1273 481 1317 salutem,
506 1273 660 1319 recipiet
687 1284 769 1309 cum
795 1274 906 1319 justis

137 1317 250 1353 vitam
288 1323 480 1355 aeternam.
504 1322 553 1355 Ex
580 1331 622 1356 eo
650 1324 774 1356 autem
809 1320 904 1365 quod

137 1365 315 1401 Dominus
336 1366 395 1401 liic
422 1366 473 1402 ait
494 1378 502 1402 :
528 1368 766 1403 Retribuetur
788 1368 824 1402 in
849 1378 906 1402 re-

135 1414 366 1448 surrectussine
396 1414 595 1458 justorum,
619 1415 769 1459 quidam
793 1415 836 1448 de
856 1416 905 1448 si—

133 1460 209 1493 mul
230 1460 551 1500 discumbentibus,
564 1461 666 1496 rudis
682 1466 718 1496 et
735 1461 905 1504 carnalis,

133 1507 205 1540 haec
226 1517 303 1540 cum
325 1508 501 1550 audisset,
524 1511 646 1543 motus
663 1507 784 1542 verbis
805 1507 906 1543 Chri-

133 1553 193 1596 sti,
222 1553 379 1588 credidit
407 1555 505 1599 quod
533 1554 756 1590 resurrectio
784 1555 908 1589 futura

135 1602 231 1634 esset
253 1600 300 1634 ad
322 1601 435 1635 vitam
459 1601 550 1637 cibis
571 1601 827 1647 corporalibus
850 1603 905 1636 in-

137 1645 340 1691 digentem,
362 1651 399 1682 et
431 1649 531 1693 quod
559 1649 726 1684 Christus
755 1650 906 1693 promit-

137 1697 232 1728 teret
253 1704 354 1729 escas
374 1696 599 1739 corporales,
618 1697 653 1730 in
669 1706 784 1736 regno
800 1697 908 1730 coelo-

138 1750 244 1782 run1;
273 1741 354 1775 ideo
379 1742 479 1776 dtae‘e't
495 1743 554 1776 illi
576 1754 583 1777 ι
604 1744 734 1777 Beatus
753 1746 821 1786 est,
845 1744 908 1787 qui

136 1788 374 1823 manducabit
390 1799 519 1833 panem
538 1791 575 1824 in
590 1800 696 1833 reqno
712 1792 787 1824 Dei.
804 1791 907 1825 Unde

138 1833 296 1877 Cyrinus
316 1847 326 1869 .·
348 1847 364 1867 ‹<
387 1835 502 1871 Homo
522 1835 590 1871 iste
611 1836 786 1872 animalis
812 1839 905 1880 erat,

971 298 1044 321 non
1057 287 1253 330 diligenter
1265 289 1475 333 percipiens
1487 300 1531 325 ea
1542 300 1624 335 quae
1641 289 1745 325 Chri-

972 337 1048 369 stus
1068 336 1294 379 protulerat3
1332 338 1473 381 putavit
1498 336 1636 372 etenim
1665 348 1746 371 coi·-

973 392 1103 426 poreas
1130 392 1210 417 esse
1240 384 1561 419 remunerationes
1584 387 1747 419 Sancto—

974 439 1070 463 rum.
1089 442 1106 459 »
1128 429 1197 464 Sed
1219 429 1370 473 quidam
1392 431 1534 473 dicunt,
1559 431 1659 476 quod
1679 441 1747 475 per

975 485 1107 520 panem
1122 475 1193 511 iste
1207 476 1317 511 homo
1337 478 1567 519 intelligebat
1586 478 1747 513 beatitu-

975 522 1100 557 dinem
1115 533 1253 566 veram,
1269 533 1349 568 quae
1363 524 1533 559 consistit
1549 525 1584 559 in
1606 523 1748 559 visione

975 572 1011 604 et
1031 569 1205 604 fruitione
1226 570 1374 605 deitatis
1401 570 1533 606 Christi
1558 570 1746 616 principa-

974 615 1070 660 liter,
1096 619 1131 651 et
1154 617 1395 652 humanitatis
1416 618 1654 661 secundario,
1680 617 1744 662 qui

973 666 1081 699 vocat
1099 674 1137 699 se
1154 674 1290 709 panem
1309 664 1407 699 vitze.
1428 665 1531 700 Unde
1549 665 1600 699 ait
1618 665 1748 707 Anqu-

973 712 1118 745 stinus:
1141 723 1157 743 «
1180 712 1244 746 Vel
1263 711 1369 756 quasi
1389 712 1424 745 in
1446 711 1652 755 longinqua
1678 710 1747 745 iste

973 758 1196 802 suspirabat,
1214 757 1449 802 etpanisiste
1463 758 1636 801 coelestis,
1655 758 1749 792 scili-

975 807 1031 839 cet
1051 815 1160 848 quem
1176 804 1426 848 desiderabat,
1445 808 1531 839 ante
1553 804 1655 839 illum
1677 803 1749 839 dis-

974 852 1182 887 cumbebat.
1205 851 1292 893 Quis
1318 851 1414 886 enini
1436 855 1491 886 est
1512 851 1618 896 psinis
1639 849 1746 895 regni

974 899 1052 939 Dei,
1082 898 1151 933 nisi
1183 897 1246 943 qui
1273 897 1389 932 dicit:
1418 900 1493 941 Eyo
1526 909 1602 932 sum
1642 900 1748 942 panis

976 947 1091 988 uicus,
1114 947 1178 989 qui
1203 946 1246 980 (le
1266 946 1347 979 coelo
1367 945 1563 980 descendat?
1585 946 1664 979 Noli
1689 954 1748 988 pa-

976 1002 1059 1027 rare
1079 996 1215 1034 lauces,
1231 992 1295 1026 sed
1317 1002 1380 1027 cor
1401 1003 1408 1026 z
1434 1005 1450 1024 »
1472 992 1551 1026 haee
1574 992 1749 1034 Achustc'-

974 1049 1053 1073 nus.
1079 1041 1213 1073 Beatus
1239 1038 1350 1083 igitur
1376 1038 1437 1084 qui
1467 1039 1564 1074 hunc
1593 1047 1746 1083 panem,

974 1086 1035 1130 qui
1058 1085 1211 1120 resectio
1232 1085 1442 1120 animarum
1464 1089 1532 1122 est.
1551 1084 1751 1119 manduca-

976 1134 1028 1167 1111
1058 1133 1093 1167 111
1121 1143 1235 1177 regno
1260 1132 1338 1175 Dei,
1364 1132 1525 1168 videndo
1547 1131 1689 1166 scilicet
1714 1136 1752 1166 et

974 1180 1144 1223 fruendo,
1168 1180 1212 1214 de
1239 1190 1310 1223 quo
1342 1178 1479 1214 dicitur
1509 1180 1545 1214 in
1572 1177 1753 1213 Ecclesia-

975 1226 1066 1261 stico
1090 1238 1099 1260 :
1128 1227 1197 1268 Qui
1218 1227 1327 1261 edunt
1353 1237 1406 1260 me
1434 1226 1552 1260 adhuc
1578 1227 1748 1267 esurient,

974 1284 1048 1308 non
1071 1276 1221 1317 propter
1238 1273 1344 1308 samis
1368 1272 1556 1315 inediann
1580 1272 1645 1307 sed
1666 1282 1749 1316 pro-

973 1324 1056 1365 pter
1082 1319 1219 1354 fastidii
1246 1321 1469 1355 absentiam.
1495 1319 1595 1354 Unde
1616 1318 1715 1354 Beda
1736 1330 1746 1352 .·

976 1379 993 1399 «
1021 1368 1132 1402 Panis
1165 1366 1227 1411 qui
1266 1368 1526 1408 manducatur,
1560 1365 1597 1400 in
1629 1375 1748 1409 regno

976 1413 1053 1457 Dei,
1075 1424 1150 1448 non
1173 1414 1373 1456 corporalis
1397 1412 1664 1457 intelligendus
1691 1414 1745 1445 est

975 1460 1092 1503 cibus,
1121 1461 1184 1494 sed
1222 1460 1281 1494 ille
1312 1462 1441 1505 utique
1469 1471 1531 1504 qui
1565 1460 1616 1493 ait
1644 1460 1748 1501 :Eyo

974 1508 1171 1553 sumpanis
1190 1509 1293 1541 riuus
1313 1509 1376 1551 qui
1394 1508 1436 1541 de
1455 1507 1536 1541 coelo
1557 1505 1746 1549 descendi3

973 1557 1006 1589 si
1037 1557 1119 1598 quis
1152 1554 1424 1588 manducaverit
1458 1564 1502 1588 eat
1543 1553 1605 1587 hoc
1639 1561 1748 1597 pane,

973 1604 1067 1636 vivet
1090 1603 1126 1635 in
1147 1606 1330 1644 aeternum,
1351 1600 1385 1635 id
1409 1604 1477 1644 est,
1501 1599 1530 1635 si
1553 1598 1635 1644 quis
1659 1608 1749 1633 meze

975 1647 1245 1683 lucarnationis
1260 1651 1495 1682 sacramento
1511 1648 1675 1692 perfecte
1692 1644 1749 1696 in-

975 1700 1202 1739 corporatffi,
1235 1705 1326 1729 meae
1365 1694 1498 1729 divinae
1543 1693 1751 1737 majestatis

974 1742 1112 1777 visione
1150 1741 1221 1776 frui
1253 1741 1442 1781 meruerit,
1475 1739 1533 1775 hie
1564 1741 1750 1784 perpetua

974 1789 1058 1824 vita·
1092 1788 1311 1824 immortalis
1340 1786 1571 1824 beatitudine
1603 1785 1747 1830 gaude-

974 1837 1027 1872 bit
1049 1847 1056 1871 ;
1081 1849 1098 1867 »
1119 1837 1198 1871 haec
1219 1836 1329 1871 Beda.

867 2007 893 2041 Ο
900 2006 1036 2042 RATIO

186 2114 340 2151 Domine
360 2118 447 2152 Jesu
471 2117 630 2161 Christe,
650 2128 763 2154 manu
788 2117 1054 2154 misericordiae
1083 2123 1154 2153 tuze
1177 2127 1234 2152 me
1260 2115 1501 2162 apprehende
1523 2117 1559 2150 et
1578 2117 1752 2161 protege,

139 2171 185 2196 ne
205 2164 404 2207 praevaleat
425 2164 462 2199 in
485 2175 542 2200 me
564 2165 774 2211 hydropisis
790 2165 950 2201 carnalis
965 2164 1178 2210 voluptatis,
1201 2164 1257 2198 vel
1277 2162 1447 2205 avaritia,
1468 2165 1530 2213 aut
1551 2163 1748 2213 superbia3

142 2211 178 2243 et
198 2209 245 2243 da
270 2209 358 2245 mihi
381 2215 418 2247 ut.
436 2222 502 2257 pei·
523 2222 648 2247 veram
667 2212 803 2256 cordis,
826 2214 901 2248 oris
920 2215 956 2247 et
974 2212 1094 2257 operis
1116 2210 1362 2246 bumilitatem
1389 2210 1426 2243 in
1445 2218 1646 2243 novissuno
1669 2208 1749 2244 loco

140 2257 355 2292 recumbam
383 2258 565 2294 minorem
597 2269 656 2294 me
683 2259 766 2294 aliis
795 2259 1016 2305 reputando,
1040 2261 1076 2294 et
1111 2268 1177 2303 per
1216 2254 1509 2291 misericordiam
1540 2253 1752 2304 indigentes

140 2301 298 2338 invitare
322 2315 394 2340 non
413 2307 596 2348 omittam,
619 2317 749 2341 eorum
767 2305 1052 2341 necessitatibus
1072 2315 1138 2350 pro
1158 2314 1265 2349 posse
1284 2302 1551 2338 succurrendo.
1575 2301 1749 2346 Lai-gitor

142 2349 422 2394 opulentissime
441 2354 550 2396 Deus,
569 2353 616 2388 da
635 2352 723 2387 1111111
739 2352 874 2388 misero
896 2362 1028 2395 panem
1048 2351 1233 2393 coelicum,
1249 2349 1311 2394 qui
1330 2353 1368 2383 tu
1385 2348 1464 2393 ipse
1481 2359 1535 2391 es,
1553 2350 1753 2383 manduea-

146 2406 187 2430 re
208 2395 244 2430 in
262 2407 376 2442 regno
395 2398 458 2432 Dei
476 2410 483 2441 ;
506 2409 572 2443 pro
592 2410 663 2444 quo
676 2410 771 2444 pane
785 2399 866 2443 tibi⁷
881 2400 1050 2441 Domine,
1068 2397 1231 2443 quotidie
1253 2395 1471 2440 militamus,
1493 2405 1560 2440 pro
1579 2405 1651 2440 quo
1672 2398 1749 2430 tota

140 2443 199 2478 die
221 2444 506 2488 mortificamur,
527 2449 565 2480 ut
586 2445 623 2481 in
643 2449 703 2481 tua
721 2446 795 2482 vita
815 2446 997 2481 vivamus.
1025 2446 1157 2480 Amen.

1885 702 1887 706 i
1885 642 1887 662 .„
1885 582 1888 607 ,-,
1884 467 1894 558 ,0⁴2„„4,
