1894 3186
110 173 170 206 276
568 164 712 198 PRIMAE
748 163 904 197 PARTls
944 161 1079 196 CAPUT
1117 160 1282 194 Lxxxn

110 242 223 281 lilaea,
243 248 325 284 quae
346 236 614 282 interpretatur
635 235 880 277 transmiqra-

110 290 162 324 tio
200 289 316 332 facta,
352 285 387 319 id
424 286 480 319 est
516 281 555 317 in
584 280 763 316 membris
791 279 878 323 suis,

110 345 196 381 quae
219 330 491 376 transmigrant
513 329 559 365 de
579 328 676 363 vitiis
696 328 743 363 ad
768 326 883 362 virtu-

110 386 176 425 tes,
201 386 237 416 et
258 380 296 415 in
322 378 374 414 eis
399 376 613 423 proficiunt.
639 374 881 410 Postmodum

108 439 197 464 vero
215 427 394 464 Dominus
409 423 589 466 ascendit,
609 422 695 468 quia
713 422 883 456 membra

109 475 246 512 Christi
266 484 342 510 non
378 472 489 517 hujus
509 469 608 513 vitae,
633 469 699 505 sed
732 472 881 503 aeternae

107 522 266 569 gloriam
291 522 488 567 quaerunt3
512 517 654 553 occulte
675 518 799 551 autem
817 516 884 549 Do-

108 570 233 606 minus
274 565 455 610 ascendit,
483 565 571 610 quia
606 562 726 598 omnis
763 563 883 605 yloria

108 618 185 663 ejus
207 617 252 652 ab
269 618 382 656 intus,
405 613 442 649 id
464 615 517 648 est
546 612 592 646 de
628 609 740 645 corde
776 618 881 652 puro,

66 695 70 696 γ
107 668 144 700 et
168 665 213 700 de
231 659 459 699 conscientia
480 660 638 702 bona,et
653 656 697 691 de
717 655 790 690 fide
810 665 884 689 nen

107 712 217 747 ficta:
234 724 251 743 »
269 711 349 745 haec
362 708 472 744 Beda.
491 707 584 741 Nota
603 703 688 749 quia
702 703 883 738 Dominus

108 759 298 800 docturus,
320 753 502 792 miracula
534 752 608 787 imo
639 750 676 785 in
707 748 882 785 omnibus

107 804 256 851 magnis
275 802 448 849 operibus
469 798 644 844 potentiae
672 799 707 832 et
735 795 883 831 virtutis

107 864 184 889 suae
205 851 365 897 gloriam
387 847 494 893 fugit,
523 846 651 881 nolens
677 843 796 879 socios
816 843 882 877 ha-

106 901 208 941 bere,
224 899 278 934 vel
303 896 453 932 nuntios
477 891 737 937 praeambulos,
754 893 794 925 ut
816 900 883 935 pa-

106 950 159 982 tet
180 947 240 981 hic
262 947 298 980 et
320 944 355 978 in
382 940 551 988 pluribus
572 938 669 975 aliis.
700 938 810 980 Quasi
830 936 883 971 di-

106 996 207 1029 ceret
224 1004 231 1028 :
254 993 393 1035 Quanto
414 989 531 1032 majcir
549 998 598 1031 cs,
618 986 774 1021 humilia
795 987 827 1019 te
846 986 884 1018 in

107 1040 285 1076 omnibus.
308 1040 350 1074 ln
372 1036 549 1082 operibus
574 1044 661 1068 vero
689 1030 882 1067 humilita-

104 1087 153 1123 tis
169 1087 320 1122 turbam
348 1082 525 1120 comitem
546 1079 693 1120 habuit,
728 1079 883 1114 veniens

105 1135 153 1170 ad
174 1135 394 1170 Passionem
415 1142 423 1175 ;
447 1133 484 1166 et
517 1126 715 1173 discipulos
736 1125 883 1171 praemi-

106 1181 166 1224 sit,
187 1184 227 1216 ut
248 1179 318 1216 sibi
340 1178 484 1214 asinam
502 1179 538 1212 et
557 1175 700 1221 pullum
719 1173 881 1208 adduce-

104 1232 201 1264 rent.
237 1226 357 1263 Etiam
386 1227 619 1260 comesturus
646 1230 784 1265 agnum
817 1230 881 1265 pa-

104 1276 267 1311 schalem
283 1272 473 1319 praemisit‚
488 1270 549 1316 qui
563 1270 816 1314 praepararent
833 1266 883 1301 lo-

106 1333 211 1362 cum:
230 1322 294 1357 sed
315 1321 383 1356 hoc
400 1318 486 1354 fecit
498 1318 535 1353 in
549 1316 641 1352 tanti
658 1312 882 1350 sacramenti

105 1370 337 1415 mysterium,
355 1366 453 1412 quod
469 1376 543 1400 non
561 1364 672 1399 debet
692 1361 802 1404 sumi,
824 1361 880 1395 ni-

107 1417 137 1452 si
154 1427 238 1452 cum
260 1425 395 1460 magna
412 1410 686 1458 praeparatione
705 1407 881 1443 vlrtutum

106 1468 141 1499 ct
166 1464 353 1499 bonorum
381 1470 549 1505 operum.

152 1514 172 1546 6
201 1511 441 1552 Qummmun
462 1508 629 1541 Domxt'ii
650 1514 813 1538 ΙΝΤΕΝΤΙΟ
836 1514 882 1536 ui·

108 1570 231 1593 reuse..
247 1575 289 1581 -—
310 1556 516 1597 Judaec'erqo
532 1550 882 1594 conmiuniterquae-

103 1606 231 1640 rebant
254 1614 332 1639 eum
353 1603 391 1637 in
412 1602 470 1636 die
490 1601 593 1644 festo,
617 1601 818 1642 antequam
841 1607 879 1631 a-

105 1652 312 1694 scenderet,
327 1648 505 1695 quoniam
520 1657 595 1682 non
612 1645 782 1680 viderant
797 1654 881 1678 cuni

104 1699 237 1735 adesse
262 1707 346 1733 cum
372 1694 580 1732 fratribus:
617 1696 649 1727 et
679 1692 846 1726 dicebant
870 1703 879 1725 .-

108 1747 175 1782 sz'
196 1749 247 1780 est
280 1743 373 1779 ille?
404 1741 545 1778 scilicet
564 1739 650 1775 talis
680 1742 717 1774 et
753 1742 881 1773 tantus

103 1792 341 1838 praedicator,
359 1793 396 1826 et
413 1787 878 1831 miraculorumoperator.

104 1842 183 1876 Nun
203 1838 398 1875 nominant
424 1846 508 1872 euni
529 1833 680 1870 nemine
715 1831 877 1877 proprio,

104 1889 181 1922 tam
217 1888 427 1931 quaerentes
472 1892 556 1918 eum
598 1880 722 1916 aninlo
765 1880 878 1922 bono,

105 1944 217 1979 quam
240 1932 350 1967 malo.
376 1929 532 1973 Quidam
550 1928 649 1964 enini
661 1926 881 1972 quaerebant

89 1991 205 2027 eum,
242 1978 426 2015 desiderio
458 1975 689 2018 addiscendi,
722 1978 762 2009 ut
799 1973 880 2018 ejus

105 2026 312 2063 doctrinam
333 2025 464 2060 devote
486 2022 687 2064 audirent;
712 2019 790 2063 alii,
814 2020 878 2055 de-

105 2073 242 2110 siderio
263 2070 508 2117 malignandi,
531 2073 569 2105 ut
587 2078 673 2104 eum
694 2066 879 2102 interfice-

103 2127 206 2165 rent3
229 2120 412 2163 alii,vuna
430 2116 659 2159 curiositate,
672 2118 709 2150 ut
728 2125 813 2150 enm
829 2113 878 2148 vi-

103 2168 248 2203 derent.
273 2166 326 2202 Illi
346 2176 448 2211 ergo,
471 2164 532 2210 qui
555 2163 772 2209 quaerebaut
791 2171 878 2196 eum

104 2226 146 2250 ex
168 2214 269 2258 odio,
292 2212 594 2258 dedignabantur
617 2220 702 2246 eum
725 2207 877 2243 nomine

102 2261 255 2307 proprio
274 2260 483 2302 nominare,
505 2257 592 2303 quia
612 2266 747 2292 nomen
768 2265 876 2290 suum

100 2308 169 2344 fuit
187 2308 241 2343 eis
257 2307 452 2342 molestum
467 2309 503 2339 ct
518 2315 643 2350 grave.
658 2303 728 2338 Sed
743 2301 796 2337 illi
814 2301 877 2347 qui

100 2355 322 2401 quaerebant
358 2363 442 2388 eum
479 2363 520 2387 ex
555 2349 768 2391 devotione,
802 2359 875 2383 non

99 2402 287 2439 audebant
320 2411 403 2435 eum
432 2398 640 2439 nominare,
663 2396 719 2431 vel
742 2396 792 2430 ita
817 2406 875 2430 re-

97 2449 279 2496 putabant
300 2457 383 2482 eum
414 2446 598 2481 famosum
627 2447 662 2479 et
683 2441 874 2478 authenti—

97 2506 196 2539 cum,
226 2494 322 2540 quod
359 2504 434 2528 non
461 2492 655 2537 oportebat
683 2490 781 2524 iilius
809 2500 873 2523 no-

97 2554 182 2579 men
195 2541 389 2588 proprium
405 2539 626 2584 exprimere.
640 2536 730 2573 Vani
746 2540 873 2571 autem

97 2601 173 2625 non
212 2588 394 2624 curabant
434 2588 477 2620 de
516 2596 581 2620 suo
621 2583 785 2619 nomine.
827 2585 873 2617 Et

96 2647 260 2672 murmur
276 2636 428 2670 multum
449 2636 526 2667 erat
559 2634 597 2666 in
629 2632 735 2666 turba
755 2631 798 2664 de
819 2640 871 2673 eo,

97 2687 134 2721 et
169 2680 352 2719 dissensio
378 2683 533 2727 propter
568 2676 871 2714 contrarietatem

98 2730 318 2777 opinionum
339 2728 385 2764 de
411 2738 469 2764 eo.
490 2726 647 2770 Quidam
667 2726 775 2767 enim,
803 2722 871 2758 sci-

99 2777 199 2822 licet,
221 2776 285 2823 qui
318 2775 381 2822 pia
410 2772 619 2810 intentione
648 2771 867 2817 quaerebant

957 241 1055 273 eum,
1086 230 1253 264 dicebant
1281 229 1405 272 :Quia
1434 228 1545 263 bonus
1575 233 1640 273 est,
1659 241 1727 276 ap-

955 278 1158 324 probantes
1179 277 1258 321 eJ'us
1279 274 1489 311 doctrinam
1510 278 1546 311 et
1566 276 1726 313 miracu-

955 327 1004 360 la.
1023 326 1104 360 Alii
1125 327 1257 364 autem,
1290 321 1432 358 scilicet
1459 322 1522 368 qui
1543 323 1641 359 mala
1666 323 1726 359 in-

956 370 1124 407 tentione
1151 381 1235 406 eum
1258 371 1491 415 quaerebant,
1528 370 1697 406 dicebant
1717 381 1724 406 :

956 421 1049 462 Non,
1086 418 1148 453 sed
1180 418 1317 452 seducit
1350 418 1489 459 turbas,
1520 416 1617 453 dicta
1647 418 1727 463 ejus

957 468 1224 511 persequentes
1245 467 1281 499 et
1301 475 1426 510 opera.
1450 462 1518 499 Ubi
1536 463 1590 499 ait
1611 463 1728 509 Chry-

956 516 1131 548 sostomus
1144 527 1150 547 ;
1164 526 1182 544 «
1200 511 1304 547 Illam
1322 511 1472 556 quidem
1491 511 1635 547 aestimo
1653 512 1730 556 opi-

958 559 1109 595 nionem
1135 557 1384 594 multitudinis
1412 568 1521 601 esse3
1544 558 1641 593 hanc
1662 569 1727 594 ve-

956 617 1008 659 ro.
1031 607 1243 652 prineipum
1261 609 1297 640 et
1330 605 1579 640 sacerdotum.
1615 605 1728 642 Vides

957 657 1086 699 utique
1119 652 1369 699 principatum
1403 656 1634 697 corruptum,
1663 663 1728 688 eos

957 704 1083 736 autem
1122 699 1185 746 qui
1226 698 1449 745 principatui
1481 699 1730 744 subjiciuntur

957 758 1069 783 sanos
1099 746 1253 793 judicio.
1286 761 1301 777 n
1336 748 1444 782 Nemo
1476 749 1608 790 tamen,
1636 746 1731 781 scili-

957 798 1014 830 cet
1032 794 1182 830 illorum
1211 793 1272 838 qui
1294 792 1468 828 dicebant
1490 792 1577 838 quia
1608 794 1728 829 bonus

957 845 1026 885 est,
1046 843 1171 887 palam
1194 841 1406 885 loquebatur
1440 840 1483 874 de
1511 851 1560 879 eo,
1581 844 1730 885 propter

958 893 1088 924 metum
1124 888 1340 931 Judaeorum,
1374 886 1513 922 scilicet
1548 886 1731 933 principa-

957 936 1061 979 lium,
1084 946 1129 971 ne
1151 938 1253 970 extra
1274 944 1500 980 synagogam
1520 939 1556 969 et
1576 945 1733 980 congre-

957 983 1145 1027 gationem
1168 982 1276 1017 fieret
1296 981 1468 1016 aliorum.
1496 983 1544 1016 Ex
1568 992 1640 1026 quo
1663 992 1726 1027 pa-

957 1034 1023 1074 tet,
1046 1030 1144 1076 quod
1163 1028 1350 1075 principes
1371 1027 1495 1073 populi
1510 1028 1610 1069 ¹illius
1632 1028 1730 1064 dice-

956 1078 1046 1113 bant
1068 1087 1153 1112 eum
1175 1076 1423 1118 seductorem,
1447 1079 1483 1110 et
1503 1076 1623 1121 major
1644 1086 1730 1120 pars

956 1124 1104 1160 dicebat
1134 1122 1376 1159 contrarium.
1408 1123 1554 1159 Seducit
1586 1123 1726 1164 turbas,

956 1171 1091 1207 clarius
1117 1171 1300 1206 sonabant
1328 1169 1407 1212 ilti;
1434 1169 1498 1205 sed
1521 1170 1631 1205 bonus
1658 1173 1722 1211 est,

956 1218 1122 1264 pressius
1138 1217 1381 1253 susurrabant
1402 1216 1473 1251 isti.
1494 1218 1587 1252 Ecce
1608 1227 1728 1262 quan-

955 1270 1033 1301 tum
1058 1264 1279 1309 deprimitur
1304 1263 1441 1299 veritas
1468 1267 1504 1299 et
1536 1264 1728 1299 extollitur

955 1312 1108 1347 salsitas.
1124 1312 1282 1354 Quidam
1301 1317 1407 1346 erant
1425 1310 1474 1346 ibi
1491 1310 1723 1346 formidolosi

956 1363 992 1395 et
1009 1359 1142 1401 timidi,
1165 1358 1225 1403 qui
1249 1358 1285 1393 in
1301 1359 1426 1393 Jesum
1442 1357 1631 1393 Christum
1651 1368 1727 1393 cre-

956 1407 1108 1450 debant,
1127 1406 1191 1441 sed
1215 1406 1408 1440 veritatem
1429 1404 1552 1440 dicere
1573 1415 1648 1440 non
1665 1415 1727 1441 au-

956 1453 1106 1496 debant,
1124 1457 1159 1488 ct
1181 1452 1264 1487 ideo
1280 1451 1315 1486 iu
1338 1452 1492 1487 veritate
1507 1452 1726 1497 peccabant.

955 1502 1087 1535 Tribus
1108 1500 1206 1535 enim
1222 1498 1355 1542 modis,
1367 1500 1568 1534 secundum
1581 1500 1727 1543 Chryso-

954 1551 1119 1586 stomum,
1143 1547 1181 1581 in
1204 1545 1357 1581 veritate
1376 1545 1458 1591 quis
1478 1556 1630 1590 peccare
1651 1548 1728 1592 pot-

955 1598 1009 1630 cst
1027 1606 1034 1629 :
1057 1597 1121 1630 aut
1142 1593 1335 1629 veritatem
1354 1603 1429 1638 prae
1451 1592 1585 1628 timore
1605 1595 1728 1628 tacen-

955 1642 1001 1676 do
1015 1655 1020 1676 ·,
1032 1646 1092 1677 aut
1107 1641 1225 1687 Ipsam
1238 1640 1431 1676 veritatem
1445 1639 1483 1675 in
1494 1639 1728 1675 mendacium

955 1700 967 1723 «ζ
977 1688 1234 1732 ommutando;
1245 1691 1309 1724 aut
1320 1687 1438 1733 ipsam
1448 1686 1640 1722 veritatem
1654 1697 1727 1722 non

955 1735 1203 1771 defendendo.
1230 1737 1278 1771 De
1301 1734 1431 1781 primis
1452 1733 1586 1769 dicitur
1608 1746 1616 1770 ε
1637 1734 1724 1777 Qui-

954 1783 1228 1825 dam‚dc'ccbant
1244 1794 1251 1816 :
1266 1782 1358 1824 Quia
1370 1782 1479 1816 bonus
1491 1786 1542 1816 est
1557 1793 1611 1825 ;...
1625 1791 1724 1816 nemo

954 1834 1071 1864 tamen
1094 1831 1221 1875 palam
1243 1829 1456 1874 loquebatur
1477 1829 1520 1863 de
1544 1830 1621 1871 illo,
1640 1838 1727 1873 pro-

949 1881 1172 1921 ptermctam
1188 1877 1404 1911 Judecorum.
1422 1877 1480 1918 At,
1497 1878 1537 1911 ut
1553 1874 1728 1910 dicitAu·

952 1926 1120 1966 (lustinus
1143 1936 1154 1960 .·
1178 1936 1195 1957 α
1229 1924 1390 1969 Uterque
1423 1926 1477 1958 est
1515 1933 1602 1958 reus
1628 1921 1728 1967 apud

952 1972 1084 2013 Deum,
1111 1974 1146 2006 et
1170 1970 1231 2016 qui
1254 1970 1451 2006 veritatem
1472 1973 1584 2013 tacet,
1603 1973 1640 2004 et
1661 1968 1727 2014 qui

952 2018 1186 2053 mendacium
1209 2017 1315 2061 dicit;
1344 2017 1406 2052 ille
1434 2016 1520 2062 quia
1548 2015 1728 2062 prodesse

952 2076 1026 2099 non
1042 2065 1132 2108 vult,
1150 2064 1218 2100 iste
1235 2064 1322 2110 quia
1338 2074 1472 2100 nocere
1487 2064 1688 2099 desiderat.
1708 2075 1725 2095 ν)

952 2113 1002 2147 De
1030 2112 1201 2147 secundis
1228 2122 1314 2146 vero
1344 2113 1396 2146 sic
1418 2110 1588 2146 subditur
1613 2121 1620 2145 :
1644 2110 1728 2145 Alii

951 2157 1726 2202 autemdicebanttNon,sedseducitturbas;

952 2206 998 2241 de
1017 2205 1249 2241 talibusdicit
1261 2205 1727 2250 Apostolusfflommutave-

949 2256 1034 2287 runt
1052 2255 1116 2287 Dei
1136 2256 1324 2287 verztatem
1345 2254 1384 2286 z'n
1410 2252 1650 2286 mendacium.
1674 2251 1725 2286 De

951 2299 1071 2334 tertiis
1097 2298 1234 2334 dicitur
1255 2310 1262 2333 :
1284 2300 1439 2334 Multum
1465 2308 1629 2333 murmur
1649 2300 1728 2333 erat

951 2347 994 2381 de
1014 2357 1051 2382 eo
1069 2346 1223 2381 incurba
1240 2357 1248 2382 :
1268 2346 1553 2381 murmurabant
1571 2343 1723 2390 quidem

950 2393 994 2429 de
1016 2404 1059 2429 eo
1095 2393 1193 2438 quod
1227 2392 1405 2427 Pharisaei
1430 2391 1616 2427 Christum
1637 2396 1726 2437 per-¹

950 2441 1216 2485 sequebantur,
1231 2439 1294 2474 sed
1316 2443 1442 2475 tamen
1460 2449 1545 2474 eum
1570 2449 1643 2473 non
1663 2438 1726 2473 de-

949 2487 1167 2523 fendebant:
1188 2497 1255 2521 nec
1273 2490 1400 2531 aperte
1421 2485 1596 2522 resistere
1612 2484 1721 2520 :iude-

948 2535 1050 2577 baut,
1066 2544 1148 2569 cum
1161 2537 1286 2568 tamen
1302 2533 1399 2569 dicat
1418 2533 1590 2579 Sapiens:
1606 2533 1723 2576 Usque

948 2582 996 2616 ad
1017 2584 1163 2616 mortem
1183 2584 1279 2615 certa
1297 2592 1363 2626 pro
1381 2581 1545 2625 justitia.

993 2643 1011 2674 7
1051 2629 1153 2670 Quin
1173 2639 1350 2662 connexis
1372 2637 1579 2663 nnTnAcrlo.
1606 2647 1650 2652 -—-
1670 2627 1722 2662 De

947 2674 1121 2727 omnibus
1172 2674 1288 2710 servis
1331 2674 1465 2710 Christi
1504 2675 1577 2709 hoc
1623 2673 1722 2708 idem

945 2721 1093 2757 dicitur.
1135 2721 1208 2757 Sed
1242 2732 1317 2756 non
1352 2721 1503 2765 mirum,
1530 2720 1561 2756 si
1589 2720 1635 2756 de
1664 2718 1721 2755 eis

945 2767 1060 2815 iniqui
1086 2767 1258 2804 homines
1280 2767 1486 2814 aliquando
1528 2767 1626 2802 male
1661 2766 1718 2801 lo-
