1894 3186
147 210 207 242 ‘282

148 275 269 323 Igitur
291 277 353 322 qui
371 276 438 313 filii
461 280 497 313 et
513 277 601 313 filiae
618 287 661 313 ac
685 275 843 313 heredes
861 274 927 311 Dei

150 328 237 360 sunt
255 335 322 370 per
338 324 511 371 gratiam,
536 325 684 368 fratres,
708 326 744 359 et
764 333 926 365 sororeS,

151 375 306 415 matres,
330 383 372 408 ac
408 373 613 409 coheredes
652 370 789 408 Christi
825 373 926 414 sunt,
959 400 961 405 .

149 419 213 465 qui
234 421 288 454 est
308 419 373 456 Dei
396 419 509 456 Filius
527 431 594 466 per
613 424 800 455 naturam.
834 417 927 453 Hinc
958 407 961 489 ἓ

151 467 284 511 etjam
311 478 372 502 eos
393 471 430 503 et
461 467 608 511 fratres,
635 471 671 503 et
702 476 861 509 sorores,
885 474 928 499 ac
958 494 961 500 .

150 518 288 550 matres
308 517 428 559 vocat,
452 514 630 561 quoniam
652 514 756 558 quasi
777 516 925 557 tratres,
958 504 961 546 l

149 565 186 597 et
216 572 366 597 sorores
392 573 434 597 ac
461 565 601 598 matres
623 560 756 604 diligit.
793 561 838 595 Et
872 559 927 594 his
956 550 960 613 1

149 609 302 656 quidem
326 609 452 645 verbis
478 610 712 654 apertissime
734 612 927 643 monstra-
956 616 959 639 1

151 660 225 701 tur,
266 657 364 702 quod
402 657 542 692 carnali
573 657 689 691 amori
728 654 928 701 spiritualis

149 714 257 739 amor
275 704 384 739 debet
402 702 569 749 praeferri
587 714 594 747 3
615 706 651 738 et
668 704 928 748 propinquitas

148 751 315 787 caritatis
343 749 615 796 propinquitati
655 750 928 796 consanguini-

149 799 251 834 tatis.
281 799 332 833 Eo
360 799 461 833 enim
482 807 610 833 amore
632 801 669 832 et
696 801 868 841 matrem,
893 801 928 832 ct

149 845 298 888 fratres,
314 855 516 890 omnesque
532 843 763 890 propinquos
778 849 928 880 nostros

149 891 307 937 diligere
335 892 528 935 debemus,
557 902 629 937 quo
653 892 819 927 Christus
842 902 928 927 ma-

148 942 244 975 trem
265 942 302 973 et
322 938 458 974 fratres
472 949 558 974 suos
574 938 721 974 dilexit.
742 939 928 985 Diligcbat

148 985 250 1022 enim
267 995 348 1030 eos,
366 996 439 1021 non
463 985 550 1032 quia
573 985 691 1032 magis
721 988 927 1023 secundum

150 1042 304 1069 carnem
347 1032 545 1078 propinqui
578 1037 704 1078 erant;
738 1035 804 1070 sed
841 1035 928 1081 quia

150 1080 379 1116 voluntatem
408 1080 528 1116 Patris
557 1081 636 1127 ejus
668 1082 786 1127 magis
807 1082 928 1119 sacie-

150 1128 252 1166 bant.
276 1127 342 1164 Hic
363 1138 453 1176 crgo
474 1129 594 1176 magis
614 1128 758 1166 Christo
775 1133 829 1167 cst
845 1142 930 1178 pro-

613 206 757 239 PRIMAE
794 203 947 238 PARTIS
986 202 1122 235 CAPUT
1159 202 1305 236 LXXVI

994 273 1186 320 pinquior,
1221 274 1284 320 qui
1308 278 1363 311 est
1400 273 1534 311 melior
1569 284 1578 309 ε
1606 271 1707 319 quia,
1734 276 1774 309 ut

995 320 1085 356 dicit
1106 323 1348 368 Hieronymus
1368 334 1376 360 z
1402 337 1419 354 α
1446 322 1526 357 Non
1545 319 1584 356 in
1605 321 1771 365 sexibus,

994 368 1059 404 sed
1082 369 1119 404 in
1151 369 1259 406 sactis
1297 368 1490 406 discernit.
1525 382 1537 400 »
1576 369 1621 403 Et
1660 372 1700 403 ut
1721 368 1773 404 ait

995 418 1188 461 Greqora‘us
1225 429 1233 454 :
1269 430 1286 451 «
1314 417 1421 464 Apud
1455 416 1656 452 Dominum
1695 426 1772 451 non

995 466 1134 512 gradus
1157 465 1377 512 elegantior,
1399 465 1463 500 sed
1490 463 1576 499 vitre
1604 462 1772 498 melioris

995 512 1092 549 actio
1133 514 1410 557 comprobatur.
1449 525 1461 543 n
1502 512 1605 546 Hanc
1646 512 1772 546 autem

994 560 1234 605 sententiam,
1248 561 1453 596 secundum
1467 559 1770 602 chrysostomum,

994 608 1174 644 Dominus
1193 607 1348 647 induxit,
1364 610 1406 642 ut
1419 606 1541 642 nullus
1559 606 1605 641 de
1625 604 1776 651 generis

994 655 1201 698 nobilitate,
1224 661 1288 690 aut
1310 656 1531 690 Sanctorum
1553 651 1771 698 propagine,

993 702 1072 738 sine
1102 704 1238 738 virtute
1265 702 1442 739 confidat,
1473 701 1610 735 docens
1639 710 1707 734 nos
1734 700 1773 734 in

994 750 1096 786 nulla
1108 750 1331 796 cognatione
1349 747 1582 783 confidentes
1595 746 1774 782 virtutem

996 797 1200 844 negligere.
1231 797 1266 833 Si
1288 796 1389 832 euim
1411 795 1536 829 Mariae
1557 793 1648 829 nihil
1666 792 1773 838 prod-

996 849 1090 880 esset
1116 849 1275 880 matrem
1303 853 1397 886 esse,
1421 841 1493 878 nisi
1518 842 1635 877 virtus
1661 840 1774 876 ades-

996 896 1070 936 set;
1089 891 1171 937 quis
1188 890 1315 935 utique
1328 890 1421 926 alius
1434 899 1498 935 per
1510 888 1776 935 cognationem

996 939 1232 976 salvabitur?
1259 939 1339 974 Una
1364 937 1466 973 enim
1495 935 1671 972 nobilitas
1695 935 1778 971 sola

997 990 1066 1031 est,
1086 986 1320 1022 voluntatem
1342 986 1421 1027 Dei,
1443 984 1503 1029 qui
1526 983 1565 1018 in
1585 981 1688 1019 coelis
1707 985 1775 1025 est,

994 1034 1138 1077 facere3
1167 1038 1203 1069 et
1233 1034 1294 1069 hic
1320 1030 1528 1067 nobilitatis
1561 1030 1694 1066 modus
1721 1032 1777 1065 est

995 1080 1129 1117 melior
1146 1085 1183 1117 et
1199 1079 1444 1127 principalior
1458 1078 1536 1122 illo,
1552 1078 1615 1123 qui
1629 1079 1776 1113 tantum

995 1140 1039 1166 ex
1059 1128 1305 1177 generatione
1327 1126 1468 1164 carnali
1490 1123 1679 1173 provenit.

881 1263 1051 1302 ORATIO

196 1370 353 1408 Domine
378 1372 468 1407 Jesu
491 1370 648 1415 Christe,
677 1372 724 1409 da
763 1374 855 1411 inihi
878 1379 916 1411 ut
946 1375 1100 1411 verbum
1124 1377 1227 1410 tuum
1248 1374 1397 1411 audiam
1424 1374 1498 1410 fide
1521 1371 1720 1417 credendo,
1743 1374 1781 1406 et

151 1418 499 1470 custodiamopere
529 1418 792 1470 adimplend03
824 1423 879 1458 sac
902 1433 960 1458 me
995 1422 1240 1469 spiritualiter
1268 1433 1335 1469 per
1359 1422 1527 1458 auditum
1556 1423 1721 1466 portare,
1744 1422 1780 1453 et

150 1476 217 1513 per
237 1466 444 1501 custodiam
466 1468 608 1517 nutrire
628 1466 790 1512 idipsum
816 1469 878 1504 Dei
908 1470 1075 1505 verbum.
1098 1471 1151 1504 Da
1173 1469 1278 1513 mihi,
1304 1469 1460 1506 Domine
1481 1471 1578 1504 Deus
1599 1477 1718 1509 meus,
1740 1468 1781 1501 ut

151 1514 435 1564 occupationem
455 1513 687 1564 spiritualem
709 1516 810 1550 omni
829 1516 1018 1552 affectioni
1039 1516 1194 1560 carnali,
1217 1520 1253 1552 et
1271 1528 1360 1563 opus
1379 1516 1443 1552 Dei
1467 1514 1627 1561 negotiis
1648 1515 1779 1549 huma-

153 1559 225 1604 nis,
257 1571 299 1596 ac
319 1560 582 1596 universaliter
605 1560 754 1598 utiliora
777 1563 898 1598 minus
931 1563 1099 1608 utilibus,
1122 1567 1158 1599 te
1187 1568 1347 1608 rectore,
1372 1567 1408 1599 te
1445 1563 1552 1606 duce,
1584 1561 1781 1605 praeferam

153 1610 351 1653 semperet
371 1617 603 1659 praeponam.
626 1610 697 1644 Fac
718 1620 776 1645 1116
798 1611 924 1654 corde,
947 1622 1026 1654 ore,
1045 1614 1081 1646 et
1103 1621 1214 1657 opere
1236 1614 1338 1647 tuam
1360 1611 1398 1647 in
1419 1609 1631 1656 praeceptis,
1653 1606 1779 1644 consi-

154 1654 226 1699 liis,
255 1657 291 1690 et
318 1655 496 1700 exemplis
534 1655 657 1692 facere
684 1657 929 1703 voluntatem,
957 1662 997 1694 ut
1023 1668 1170 1694 merear
1190 1659 1350 1695 servitor
1376 1658 1442 1694 tibi
1469 1661 1598 1703 gratus
1622 1654 1719 1701 fieri,
1745 1658 1782 1691 et

154 1702 306 1739 tandem
327 1702 424 1739 inter
443 1701 509 1738 Dei
530 1701 629 1739 filios
650 1706 686 1740 et
706 1704 864 1742 heredes
882 1716 950 1752 per
968 1708 1071 1742 tuam
1088 1705 1249 1752 gratiam
1274 1705 1498 1754 computari.
1521 1705 1652 1741 Amen.

780 1916 962 1964 CAPUT
993 1917 1172 1966 LXXVI

415 2056 464 2084 DE
484 2055 768 2086 INCREPATIONE
791 2056 1077 2089 PHAmsAEORUM
1097 2059 1148 2089 ΕΤ
1167 2059 1521 2091 LEGISPERITORUM.

838 2160 944 2197 Lucae
963 2169 1044 2208 cap.
1061 2160 1120 2196 XI.

214 2284 224 2305 1
250 2271 412 2306 Domus
433 2281 524 2307 APUD
548 2271 763 2308 Pnanisinuit
788 2284 935 2309 manu-

162 2327 238 2360 ιῑΑΤ,
258 2328 329 2353 NON
347 2328 446 2352 LOTIS
467 2330 633 2354 MANIBUS.
651 2338 695 2345 --
710 2321 796 2356 Cum
811 2324 936 2356 autem

166 2363 344 2399 Dominus
374 2365 453 2410 J'am
488 2367 683 2410 praemissa
718 2368 935 2412 loqueretur,

162 2412 306 2455 rogavit
348 2421 426 2447 eum
464 2413 614 2456 quidam
651 2415 869 2458 Pharisaeus,
899 2418 939 2450 ut

163 2458 359 2503 pranderet
378 2459 477 2503 apud
504 2469 552 2495 se.
579 2460 793 2496 Invitabant
810 2462 937 2497 Phari-

164 2505 227 2540 saei
249 2505 447 2540 Dominum
469 2516 545 2541 non
567 2510 608 2541 ut
627 2507 850 2552 reficerent;
872 2509 937 2544 sed

166 2555 206 2586 ut
240 2552 614 2597 comprehenderent,
646 2560 879 2600 accusarent,
903 2560 939 2592 et

166 2598 379 2644 perderent.
408 2599 510 2634 Unde
541 2600 588 2634 ad
613 2600 763 2636 domum
800 2603 939 2638 Phari-

167 2656 328 2681 saeorum
352 2656 429 2681 non
463 2646 626 2682 intrabat
657 2648 729 2683 nisi
756 2653 936 2695 rogatus;

168 2694 232 2728 setl
250 2693 297 2728 ad
319 2692 528 2728 convivium
545 2693 832 2731 Publicanorum
845 2697 939 2732 bene

170 2740 258 2784 ibat,
278 2739 389 2776 etiam
410 2750 486 2776 non
511 2739 700 2777 invitatus.
724 2743 939 2788 Supponen-

170 2786 256 2822 dum
278 2789 345 2830 est,
367 2787 466 2833 quod
489 2788 668 2823 Dominus
687 2791 770 2835 post
791 2800 940 2826 sermo—

1006 2283 1093 2309 nem
1113 2272 1239 2309 exiens
1260 2273 1305 2309 de
1324 2273 1449 2320 domo,
1470 2273 1508 2311 in
1525 2285 1598 2322 qua
1617 2275 1779 2322 hospita-

1005 2323 1065 2357 tus
1083 2321 1201 2356 fuerat
1215 2324 1249 2356 et
1265 2321 1456 2368 docuerat,
1476 2323 1621 2359 locutus
1636 2326 1692 2360 est
1708 2324 1779 2359 Ma-

1007 2368 1067 2413 tri,
1092 2369 1285 2404 decentem
1309 2369 1490 2406 honorem
1521 2370 1696 2407 exhibens
1722 2370 1780 2415 ei3

1007 2418 1044 2451 et
1070 2415 1203 2451 deinde
1234 2414 1300 2450 ivit
1327 2417 1374 2451 ad
1405 2417 1556 2454 domurn
1587 2417 1781 2463 Pharisaei,

1007 2463 1127 2509 magis
1158 2462 1356 2498 intendens
1388 2464 1558 2509 reticere,
1581 2476 1693 2511 quam
1715 2476 1783 2501 re-

1009 2508 1083 2545 fici.
1116 2509 1219 2545 Unde
1250 2510 1406 2553 Cyrinus
1429 2523 1439 2546 :
1463 2524 1480 2545 <t
1504 2512 1574 2548 Sed
1601 2513 1781 2557 Christus,

1010 2556 1073 2602 qui
1096 2555 1372 2592 Pharisceorum
1391 2559 1594 2605 nequitiam
1611 2563 1779 2604 noverat,

1010 2603 1259 2648 dispensative
1295 2604 1570 2647 condescendit,
1609 2611 1783 2651 satagens

1010 2660 1249 2686 commonere
1288 2653 1453 2695 eossatl
1498 2653 1782 2689 similitudinem

1009 2697 1236 2742 optimorum
1273 2698 1516 2744 medicorum,
1539 2700 1601 2746 qui
1632 2701 1783 2746 gravius

1008 2743 1289 2780 infirmantibus
1316 2745 1477 2781 afferunt
1512 2748 1679 2784 remedia
1706 2758 1782 2783 suae

1010 2791 1214 2829 industriae.
1259 2804 1277 2825 ))
1318 2794 1365 2828 Et
1404 2794 1587 2838 ingyressus
1631 2795 1780 2831 domum
