1894 3186
240 188 290 222 DE
329 186 607 222 REVERSIONE
647 185 795 219 APOST.
834 184 884 218 AC
921 182 1137 217 MISSIONE
1174 182 1309 216 LXXII
1349 180 1572 215 DISCIPUL.
1685 179 1726 214 ¹³¹1

744 383 928 431 CAPUT
958 383 1090 428 LV111

121 533 170 560 DE
191 531 432 562 REVERSIONE
461 525 767 560 APOSTOLORUM;
794 524 844 552 AC
869 523 1052 552 MISSIONE
1079 523 1130 550 ΕΤ
1159 521 1402 552 REVERSIONE
1434 519 1709 549 SEPTUAGINTA

668 589 835 618 DUORUM
858 587 1162 616 DISCIPULORUM.

452 694 568 730 Math.
585 702 666 738 cap.
688 691 749 734 XI,
767 691 880 726 Marc.
903 699 986 735 cap.
1004 689 1051 725 VI
1069 690 1106 724 et
1123 689 1211 724 Luc.
1231 696 1312 733 cap.
1334 685 1377 720 X.

150 843 164 866 ι
190 827 370 863 Aposrom
401 834 651 860 navam-mres
690 833 734 856 An
772 831 879 856 JESUM

100 886 166 912 nos
196 886 332 910 DOCENT
359 884 453 913 Quoi]
478 882 563 907 posr
589 879 880 905 PRAEDICATIONEM

100 932 406 959 CONTEnrmrioxi
423 929 677 955 iunuccmomi
693 928 759 951 sir.
773 935 818 941 -
834 917 881 950 Et

101 972 359 1009 convenientes,
385 967 423 1003 id
453 970 509 1003 est
533 967 767 1001 revertentes
787 963 884 1007 Apo-

101 1019 188 1054 stoli
201 1017 246 1053 de
263 1014 529 1062 przedicatione
542 1013 590 1048 ad
604 1014 738 1051 Jeszcm‚
754 1020 883 1045 rennn-

100 1067 284 1102 tiaveremt
300 1065 331 1098 εἰ
347 1064 469 1098 omnia
487 1072 566 1106 qaae
580 1060 776 1094 docuerant
790 1067 884 1102 prse-

100 1112 276 1154 dicando,
300 1114 332 1145 et
353 1112 499 1153 egerant
521 1106 702 1142 miracula
723 1114 882 1149 operan-

101 1159 164 1203 do,
187 1157 429 1194 ostendentes
448 1154 548 1200 quod
566 1153 785 1188 mandatum
804 1151 884 1195 ejus

101 1205 264 1242 fideliter
291 1201 453 1239 exsecuti
488 1202 653 1243 suerunt,
682 1202 719 1234 et
745 1198 886 1243 gratias

100 1253 312 1290 referentes
332 1260 446 1296 super
462 1249 520 1284 his
541 1258 624 1293 quae
645 1248 883 1291 acceperunt.

102 1299 271 1338 Veniunt
292 1308 380 1343 ergo
402 1295 570 1343 Apostoli
591 1294 638 1330 ad
654 1296 797 1336 Jesum,
816 1291 886 1327 rivi

104 1348 152 1385 ad
165 1348 307 1383 fontem
333 1346 439 1391 juxta
458 1343 573 1379 illud:
590 1342 651 1377 Ad
668 1343 781 1376 locam
793 1340 888 1374 unde

105 1398 239 1432 eaeeunt
259 1395 411 1439 flumina
430 1394 674 1430 revertuntur,
696 1392 736 1423 ut
755 1390 887 1422 iteruin

104 1443 225 1490 fluant
231 1469 316 1477 ......
347 1441 454 1475 Ibant
484 1439 664 1473 animalia
690 1436 736 1472 de
763 1434 889 1480 quiete

105 1486 436 1535 contemplationis
457 1486 503 1522 ad
525 1486 693 1520 laborem
713 1482 886 1523 actionis,

106 1541 140 1574 et
170 1536 442 1572 revertebantur
473 1533 611 1568 iterum
645 1531 692 1566 ad
721 1529 888 1575 quietem

106 1581 450 1628 contemplationis.
476 1582 520 1615 Et
547 1577 808 1624 compatiendo
835 1575 888 1611 eis

108 1633 154 1669 de
186 1630 380 1667 laboribus
416 1627 502 1671 suis,
534 1626 585 1662 ait
614 1625 686 1661 illis
719 1640 727 1661 :
764 1626 889 1661 Venite

108 1689 268 1716 seorsum
288 1680 326 1712 in
343 1677 523 1711 desertum
540 1676 669 1717 locum,
690 1675 723 1707 et
740 1675 824 1717 post
840 1671 889 1706 la-

108 1728 239 1764 borem
256 1722 479 1770 requiescite
491 1722 683 1768 pusillam,
701 1717 889 1764 segregati

109 1785 132 1812 a
157 1772 317 1810 tumultu
346 1770 589 1817 populorum3
618 1771 655 1804 et
680 1766 784 1802 duxit
809 1776 888 1808 eos,

109 1824 152 1859 ut
185 1831 224 1857 se
257 1817 478 1864 colligerent
511 1817 550 1852 in
580 1815 765 1858 oratione,
795 1812 892 1849 sicut

111 1866 271 1915 dispersi
292 1867 442 1901 fuerant
463 1864 501 1899 in
520 1861 809 1910 praedicatione;
829 1871 892 1896 nee

112 1916 213 1954 enim
243 1915 406 1960 spatium
437 1912 566 1947 edendi
590 1910 784 1953 habebant,
816 1918 892 1954 prae

110 1962 248 2006 turbis,
283 1964 386 1996 erant
412 1961 507 1995 enim
532 1960 654 2000 multi,
683 1959 747 2002 qui
773 1957 892 1991 renie-

116 2012 202 2047 bant
227 2012 259 2045 et
282 2008 386 2043 redit>
402 2011 468 2042 :nt.
501 2006 608 2042 Unde
629 2006 728 2040 Beda
748 2017 758 2038 .·
784 2018 802 2036 «
824 2002 893 2039 Ubi

112 2068 252 2103 magna
270 2054 452 2101 temporis
471 2054 569 2089 illius
587 2051 760 2095 felicitas,
781 2051 827 2086 de
845 2050 896 2085 la-

113 2106 206 2143 bore
229 2102 445 2140 docentium
466 2100 590 2146 simul,
610 2103 647 2135 et
670 2097 897 2135 discentium

115 2151 242 2190 studio
264 2151 558 2193 demonstratur,
581 2158 664 2193 quae
688 2146 832 2182 utinam
859 2145 896 2180 in

114 2203 245 2238 nostro
263 2209 342 2234 aevo
362 2197 516 2240 rediret,
531 2198 574 2231 ut
590 2198 696 2231 tanta
713 2192 897 2229 ministris

115 2246 221 2284 verbi
243 2244 456 2291 frequentia
477 2242 647 2279 fidelium
667 2241 816 2277 insistat
838 2251 898 2275 au-

117 2294 298 2337 ditorum,
319 2303 403 2338 quae
427 2302 494 2327 nec
511 2291 672 2327 liberum
692 2288 745 2324 eis
767 2298 899 2324 curan-

118 2342 156 2379 di
183 2339 352 2387 corporis
388 2338 550 2385 spatium
580 2336 780 2373 concedat!
807 2336 900 2371 Nam

118 2388 256 2437 quibus
292 2386 506 2423 necessaria
542 2383 701 2421 curandi
733 2381 900 2428 corporis

118 2437 216 2473 hora
236 2438 408 2480 negatur,
427 2431 697 2479 quantominus
714 2428 901 2466 illecebris

120 2482 257 2521 animae
278 2493 354 2518 suae
377 2480 575 2527 carnisque
596 2477 774 2515 studendi
789 2477 903 2513 sacul-

121 2534 181 2568 tas
201 2530 329 2573 adest;
358 2528 449 2575 quin
469 2527 594 2574 potius
620 2538 642 2563 a
662 2526 797 2572 quibus
821 2535 901 2560 ver-

122 2578 214 2616 bum
234 2576 338 2620 fidei,
358 2580 395 2612 et
413 2575 576 2611 salutare
596 2572 817 2620 mysterium
839 2582 904 2618 op-

121 2628 298 2673 portune,
326 2624 542 2670 importune
568 2621 742 2667 exigitur,
770 2620 905 2655 horum

125 2671 273 2709 animus
288 2673 564 2716 consequenter
581 2669 629 2705 ad
646 2667 793 2714 agenda
811 2676 906 2702 sem-

125 2728 195 2766 per
206 2722 242 2755 et
253 2718 455 2765 cogitanda
469 2715 636 2753 coelestia
650 2713 904 2757 succenditur,

126 2776 177 2802 ne
194 2776 239 2801 ea
253 2776 337 2811 quae
353 2765 476 2801 verbis
494 2765 643 2807 docent,
666 2761 772 2798 factis
788 2760 907 2806 impu-

130 2815 246 2859 gnent
268 2824 276 2847 z
299 2827 318 2845 »
340 2813 422 2848 haec
444 2812 557 2848 Beda.
585 2809 738 2857 Mystice
763 2811 904 2852 autem,

953 818 1159 855 secundum
1178 819 1452 861 Hieronymum,
1475 823 1646 850 seorsum
1667 812 1734 848 du-

951 866 999 902 cit
1020 865 1200 901 Dominus
1221 875 1315 911 quos
1332 863 1460 909 elegit,
1480 865 1520 898 ut
1540 861 1638 896 inter
1661 869 1735 895 ma-

950 914 1006 948 los
1033 912 1200 948 viventes
1224 912 1325 947 mala
1352 922 1429 946 non
1456 909 1665 945 intendant.
1691 909 1734 943 Et

950 961 1046 996 bene
1063 959 1213 1003 dicitnr,
1232 962 1273 994 ut
1287 958 1525 1004 quiescerent
1538 955 1733 1002 pusillum,

951 1007 1041 1053 quia
1066 1006 1204 1052 pusilla
1228 1004 1379 1050 requies
1406 1008 1462 1040 est
1490 1003 1548 1039 liic
1577 1003 1733 1045 Sanctis,

953 1055 1060 1090 labor
1078 1056 1205 1089 autem
1226 1063 1403 1097 magnus3
1433 1051 1500 1087 sed
1522 1054 1654 1096 postea
1677 1048 1734 1084 di-

953 1105 1058 1137 cetur
1079 1101 1132 1136 eis
1157 1112 1164 1135 :
1191 1102 1236 1136 Ut
1257 1101 1487 1144 requiescant
1508 1108 1529 1132 a
1550 1097 1736 1132 laboribus

952 1150 1048 1190 sw's;
1086 1158 1195 1193 opera
1224 1148 1319 1182 enirn
1354 1147 1503 1181 illoram
1536 1147 1738 1189 sequantur

953 1197 1049 1230 illos.
1067 1195 1173 1231 Unde
1187 1193 1277 1229 dicit
1292 1194 1501 1237 Greqorms,
1520 1191 1620 1237 quod
1632 1193 1736 1226 tanto

953 1247 1042 1278 tunc
1056 1243 1178 1288 maJ'or
1195 1241 1345 1287 requies
1363 1240 1447 1283 erit,
1465 1242 1605 1285 quanto
1624 1237 1736 1273 modo

955 1291 1002 1326 ob
1035 1300 1205 1325 amorem
1238 1287 1452 1324 Conditoris
1488 1285 1560 1329 sui,
1590 1285 1739 1330 requies

955 1337 1060 1373 nulla
1089 1336 1214 1373 suerit.
1243 1338 1286 1372 Et
1312 1346 1332 1371 e
1356 1338 1488 1371 contra
1510 1333 1692 1377 intellige,
1717 1342 1738 1367 ο

955 1385 1075 1431 piger,
1099 1384 1199 1430 quod
1215 1386 1319 1419 tanto
1341 1386 1429 1419 tunc
1447 1381 1570 1417 minor
1589 1380 1739 1425 requies

956 1433 1041 1476 erit,
1068 1435 1209 1477 quanto
1234 1442 1333 1466 nunc
1356 1431 1403 1465 ob
1425 1439 1595 1465 amorem
1615 1426 1740 1463 carnis

957 1479 1109 1525 requies
1131 1479 1251 1524 major
1266 1478 1448 1513 suerit.Et
1470 1476 1566 1517 ideo,
1591 1479 1630 1510 nt
1651 1478 1741 1510 tnnc

957 1528 1123 1573 gaudere
1142 1525 1266 1572 possis
1280 1524 1477 1560 dulcedine
1494 1522 1645 1568 qnietis,
1664 1532 1741 1557 non

957 1576 1163 1610 abhorreas
1176 1584 1277 1608 nunc
1285 1576 1436 1617 gustare
1446 1569 1740 1606 amaritudinem

957 1621 1113 1703 ltaboris,
1136 1620 1335 1657 attendens
1352 1620 1468 1655 verba
1485 1619 1601 1653 Boetia·
1618 1616 1742 1652 dicen-

975 1680 1006 1705 1s
1030 1681 1038 1704 :

1005 1740 1155 1776 Dulcior
1190 1741 1242 1774 est
1273 1739 1399 1784 apium
1430 1746 1535 1780 maye
1562 1735 1678 1780 labor,

1005 1789 1048 1824 Sc·
1069 1788 1188 1822 malas
1206 1797 1270 1821 ora
1286 1787 1394 1832 prius
1411 1794 1521 1830 sapor
1541 1783 1637 1818 edat.

959 1859 1159 1904 Quiescere
1179 1868 1268 1903 ergo
1286 1856 1373 1893 facit
1393 1855 1562 1892 Christus
1582 1853 1743 1900 discipu-

961 1909 1017 1944 los
1032 1917 1133 1949 suos,
1150 1909 1189 1942 ut
1203 1906 1350 1941 discant
1365 1914 1510 1947 omnes,
1530 1905 1567 1938 et
1584 1902 1744 1938 maxime

963 1955 1025 2002 qui
1055 1956 1237 2000 praesunt,
1272 1952 1373 1998 qnod
1406 1951 1470 1997 qui
1498 1952 1672 1986 laborant
1706 1949 1745 1985 in

963 2013 1076 2048 opere
1096 2004 1134 2037 et
1150 2010 1325 2037 sermone
1340 1999 1509 2045 requiem
1528 2007 1747 2043 promeren-

963 2054 1037 2086 tur.
1068 2049 1140 2084 Per
1166 2049 1237 2083 hoc
1262 2047 1377 2083 etiam
1400 2045 1623 2088 ostenditur,
1646 2043 1748 2090 quod

965 2096 1248 2144 praedicatores,
1270 2097 1355 2140 post
1377 2091 1653 2140 praedicationis
1675 2090 1748 2127 dis-

967 2154 1133 2188 cursum,
1154 2142 1279 2178 redire
1297 2142 1437 2177 delient
1454 2140 1502 2175 ad
1520 2139 1750 2185 contempla-

965 2191 1082 2227 tionis
1109 2193 1314 2232 secretum3
1338 2192 1373 2223 et
1393 2198 1509 2233 opera
1530 2197 1598 2222 sua
1621 2196 1750 2221 coram

968 2241 1044 2275 Deo
1060 2237 1247 2273 discutere
1259 2239 1296 2272 et
1309 2233 1749 2280 diligenterexaminare,

967 2290 1008 2322 ut
1033 2286 1080 2321 de
1100 2284 1210 2321 bonis
1232 2283 1373 2329 gratias
1388 2285 1502 2328 agant
1523 2285 1560 2317 et
1583 2281 1629 2316 de
1647 2280 1749 2316 defe-

969 2333 1089 2369 ctibus
1128 2331 1275 2367 veniam
1314 2333 1459 2377 petant.
1495 2329 1753 2365 Admonemur

968 2380 1095 2426 itaque
1130 2379 1192 2415 hic
1221 2378 1260 2414 in
1289 2376 1441 2414 Domini
1469 2375 1588 2419 factis,
1619 2379 1657 2411 ut
1683 2374 1751 2411 ali-

971 2427 1120 2474 quando
1143 2427 1189 2463 ab
1213 2425 1360 2462 actione
1381 2423 1619 2470 quiescamus
1641 2426 1678 2458 et
1704 2422 1752 2458 ad

971 2478 1159 2511 secretum
1204 2471 1533 2518 contemplationis
1579 2474 1754 2506 transea-

971 2533 1076 2558 mus:
1094 2521 1182 2567 quia
1192 2520 1230 2557 in
1242 2520 1389 2556 actione
1401 2517 1576 2555 exteriori
1590 2518 1752 2563 spatium

971 2568 1251 2615 contemplandi
1267 2578 1342 2604 non
1353 2567 1538 2602 habemus
1566 2566 1655 2608 Quae
1669 2575 1754 2599 con-

971 2616 1166 2663 templatio
1186 2620 1288 2652 recte
1308 2614 1367 2650 hic
1388 2614 1582 2650 desertum
1600 2611 1750 2654 dicitur,

973 2664 1062 2710 quia
1079 2675 1100 2700 a
1113 2663 1241 2700 multis
1254 2661 1440 2698 deseritur
1458 2664 1495 2696 et
1511 2671 1532 2695 a
1546 2658 1676 2706 paucis
1694 2657 1752 2692 in-

973 2712 1179 2756 habitatur,
1201 2710 1239 2746 in
1256 2720 1331 2756 qua
1343 2707 1617 2755 requiescimus
1635 2704 1752 2750 pusil-

973 2759 1064 2804 lum,
1088 2758 1176 2805 quia
1200 2769 1268 2805 pro
1295 2760 1425 2792 nostra
1450 2753 1653 2799 fragilitate
1677 2760 1755 2786 non

974 2806 1041 2843 diu
1060 2805 1198 2842 divinae
1214 2804 1352 2841 visioni
1365 2803 1534 2840 valemus
1550 2799 1754 2842 inhaerero,
