1894 3186
437 145 487 180 Di:
526 147 720 182 MULlEllh'
757 149 1003 183 CllANANJm
1045 151 1093 183 ΕΤ
1132 151 1238 184 EJth'
1277 152 1411 186 ΗΜΛ.

114 215 240 251 dinem
267 218 304 250 et
329 215 548 261 qualitatem
568 217 706 262 morbi,
727 218 791 265 qui
816 219 896 265 ejus

113 262 231 298 filiam
252 262 402 308 premit.

162 313 182 345 5
205 310 398 346 SILENTIUM
417 310 562 346 CHRIsTl
584 323 628 347 AI)
650 324 896 349 ‹zoxsiziurmn

116 368 280 393 nummus
314 369 528 393 PROBANDAM
565 370 896 397 PERSEVERANTIAM-

116 417 186 445 Qun
206 417 406 441 DOCENDAM.
435 426 481 430 -
504 407 587 450 Qui,
610 409 719 444 Jesus
743 408 897 453 scilicet,

116 463 187 488 non
206 454 395 498 respondit
415 454 448 487 ei
463 454 625 495 verbum,
649 466 723 490 non
744 462 901 502 propter

116 498 445 546 indignationem3
470 500 536 536 sed
560 505 596 536 nt
618 502 698 548 ejus
719 508 899 539 constan-

117 547 208 583 tiam
234 548 426 594 probaret,
449 551 485 583 et
511 549 709 594 probatam
738 551 898 586 manife-

117 597 250 639 staret,
274 598 310 630 et
331 598 370 631 ut
391 605 434 631 ex
454 596 739 641 perseverantia
761 610 797 633 in
818 609 900 645 pre-

117 653 158 678 ce
179 643 442 679 ostenderetur
462 643 557 679 fides
584 644 679 690 ejus,
711 648 747 681 et
780 645 902 681 devo-

118 688 170 725 tio
190 689 342 735 dignior
367 701 411 726 ex
441 690 650 727 auditione.
680 693 723 728 Et
762 692 801 728 in
838 693 901 729 illo

119 736 284 782 silentio,
313 737 496 783 Christus,
534 739 739 775 secundum
773 741 904 785 Λαρα-

118 787 270 829 atinum,
292 784 404 821 exivit
430 786 557 831 domo,
586 797 669 823 cum
693 787 902 834 discipulis,

119 843 214 879 quos
234 832 371 868 mu2ier
391 843 553 879 sequens
574 834 611 870 in
632 834 693 870 via
715 834 908 871 nihilomi—

119 890 190 916 nus
205 879 370 916 instabat
389 884 425 916 et
440 883 723 927 perseverabat,
735 883 904 919 clamans

120 927 337 972 intantum,
362 931 403 964 ut
423 930 648 975 enitescipult·
668 930 747 975 ejus
767 934 903 977 myste-

122 974 169 1011 rii
190 975 326 1022 ignari,
349 975 609 1013 misericordia
628 977 734 1021 moti,
756 978 906 1025 impor-

122 1022 282 1059 tunitate
306 1022 474 1059 mulieris
497 1024 596 1069 victi,
624 1027 831 1061 accedentes
851 1036 906 1062 ro-

123 1071 261 1115 qabant
281 1082 360 1106 eum
386 1081 454 1117 pro
477 1082 534 1116 ea,
551 1073 710 1108 dicentes
728 1084 735 1108 :
752 1075 907 1109 Dimitte

124 1129 216 1163 eam,
250 1129 364 1164 quam
398 1123 506 1154 tenes
542 1130 616 1155 non
653 1121 904 1164 exaudiendo,

126 1167 215 1212 quia
248 1168 383 1202 clamat
418 1170 503 1212 post
524 1177 602 1211 nos,
625 1178 702 1213 prae
732 1167 908 1214 angustia

126 1224 212 1260 quae
235 1224 316 1250 eam
340 1217 443 1250 tenet
476 1215 698 1260 premendo.
717 1216 787 1250 Fac
808 1215 907 1261 quod

127 1261 209 1308 ipsa
225 1260 332 1307 petit,
361 1265 397 1296 et
422 1260 474 1296 sic
496 1265 648 1297 recedat
668 1273 677 1306 3
698 1262 789 1298 moti
809 1262 908 1298 enim

129 1313 238 1345 erant
255 1309 301 1344 ad
322 1309 409 1353 hoc,
431 1308 605 1344 videntes
630 1310 712 1355 ejus
733 1310 847 1346 fidem
873 1313 909 1345 et

129 1357 381 1393 devotionem.
435 1357 505 1399 Qui
544 1358 782 1402 respondens,
803 1359 857 1393 ait
898 1369 908 1392 :

129 1406 209 1441 Non
237 1414 317 1439 sum
344 1405 477 1439 missus
496 1406 570 1439 nisi
590 1405 639 1439 ad
671 1416 751 1440 oves
781 1406 910 1441 domus

129 1452 258 1493 Israel,
280 1451 315 1487 ld
337 1455 394 1487 est
415 1451 463 1487 ad
480 1452 648 1496 Judaeos,
679 1464 758 1498 quae
788 1454 909 1498 perie-

130 1503 231 1543 runt,
251 1498 395 1534 scilicet
415 1509 481 1544 per
500 1498 765 1535 infidelitatem
786 1510 807 1536 a
834 1501 910 1535 Deo

131 1547 377 1590 recedentes;
407 1546 454 1582 ad
487 1546 571 1582 illos
614 1547 740 1593 potius
784 1546 912 1583 venire

132 1594 262 1631 debuit
283 1593 419 1640 quibus
442 1593 655 1640 promissus
677 1595 758 1630 fuit.
783 1596 822 1630 In
842 1595 913 1630 hoc

132 1642 225 1677 vitat
246 1642 463 1677 scandalum
494 1642 710 1678 ,Iudaeorum
731 1645 913 1688 quantum

135 1693 191 1726 est
210 1700 247 1724 in
272 1699 325 1733 se,
349 1693 385 1724 et
403 1689 527 1724 reddit
541 1700 606 1725 eos
622 1689 911 1726 inexcusabiles.

134 1736 316 1783 Loquitur
343 1736 390 1772 de
410 1747 478 1772 sua
499 1737 677 1773 missione
706 1741 752 1773 ad
774 1735 912 1783 praedi-

136 1785 296 1821 candum
314 1783 351 1819 in
371 1794 535 1830 persona
556 1784 722 1831 propria,
737 1784 825 1831 quia
840 1794 916 1820 non

136 1832 204 1869 suit
220 1831 357 1868 missus
381 1831 451 1867 nisi
485 1832 532 1867 ad
554 1834 706 1868 Judaeos
730 1832 851 1879 primo
879 1833 917 1867 et

136 1879 402 1927 personaliter,
427 1879 493 1915 sed
517 1890 559 1915 ex
593 1879 841 1926 consequenti
882 1883 918 1914 et

137 1938 204 1974 per
222 1926 435 1973 Apostolos,
458 1927 505 1962 ad
519 1928 676 1970 Gentes,
696 1931 731 1963 et
758 1927 842 1963 ideo
859 1928 920 1963 Ju-

137 1974 230 2011 daeis
252 1980 443 2020 tamquam
465 1985 596 2010 eorum
607 1975 802 2021 Apostolus
819 1973 921 2021 prin-

138 2021 309 2068 cipaliter
325 2032 476 2066 missus,
501 2021 540 2057 in
573 2022 728 2068 propria
759 2031 921 2067 persona

138 2073 285 2106 tantum
305 2068 537 2115 praedicavit,
558 2074 595 2105 et
611 2070 792 2105 miracula
810 2068 919 2113 fecit;
954 2061 956 2086 ²

140 2116 212 2153 nisi
235 2119 271 2152 in
289 2127 390 2158 casu,
412 2128 454 2152 ex
474 2116 603 2162 aliqua
619 2127 734 2153 causa
753 2115 921 2163 speciali,
955 2132 959 2168 ι,

141 2168 255 2200 etiam
273 2163 372 2200 circa
390 2164 483 2200 alios
505 2165 575 2200 hoc
597 2169 742 2210 ageret,
759 2170 798 2200 ut
820 2164 922 2200 scili-
957 2169 960 2205 t

141 2216 199 2249 cet
214 2211 421 2247 Ecclesiam
458 2211 498 2247 in
527 2212 600 2248 lide
625 2213 802 2248 Gentium
840 2222 924 2248 esse

141 2259 376 2296 fundandam
398 2259 629 2303 ostenderet,
649 2260 744 2296 sicut
765 2260 926 2295 babetur

142 2307 204 2343 hie
222 2310 260 2342 et
284 2317 414 2353 supra,
431 2307 493 2343 ubi
515 2307 687 2343 Christus
707 2306 927 2354 praedicavit

143 2353 391 2392 Samaritanis
424 2355 557 2390 devote
600 2366 685 2391 eum
712 2353 927 2400 recipienti-

147 2450 272 2486 dicata
293 2454 349 2485 est
366 2450 460 2485 tides
480 2450 628 2496 publice
656 2449 878 2486 Gentilibus.

149 2547 261 2588 venit,
280 2555 417 2580 misera
437 2544 736 2581 misericordiam
747 2544 928 2590 sequitur,

150 2593 302 2638 repulsa
329 2602 405 2627 non
428 2593 629 2637 erubescit,
656 2594 720 2628 sed
741 2592 931 2637 importu-

151 2650 198 2675 ne
217 2644 367 2683 clamat,
389 2643 422 2675 et
442 2650 520 2674 eum
541 2640 772 2676 Salvi-torem
795 2641 931 2674 adora-

154 2686 254 2723 tione
269 2687 388 2723 latriae
403 2687 585 2731 adoravit,
601 2688 723 2723 dicens
741 2699 748 2722 :
769 2689 932 2730 Domine,
964 2696 966 2698 ·

153 2735 293 2780 achaea
313 2746 368 2770 mc
386 2746 394 2779 ;
414 2745 454 2770 se
480 2735 650 2781 adjuvari
674 2735 853 2781 postulat,
875 2734 931 2769 in-

154 2781 373 2819 firmitatem
400 2781 500 2818 enim
519 2782 607 2819 filiae
633 2793 740 2819 suam
765 2784 931 2829 reputat,

280 2847 373 2881 Vim
389 2848 476 2882 ,Isso
490 2848 766 2888 CunisT1,ToM11s
787 2847 803 2879 J
807 2847 834 2880 1.

1692 156 1749 191 321

973 223 1009 256 et
1042 231 1110 266 per
1133 231 1371 266 consequens
1390 222 1504 259 etiam
1536 223 1749 262 sanitatem.

974 267 1082 311 Quasi
1112 267 1284 311 diceret3
1320 268 1356 305 Si
1381 280 1500 315 usque
1527 272 1638 308 modo
1676 285 1753 310 non

973 316 1040 359 t'ui,
1062 319 1189 350 tamen
1207 316 1319 351 modo
1346 317 1428 352 volo
1450 329 1532 354 esse
1562 319 1641 356 ovis
1668 321 1750 365 Dei,

974 363 1010 398 in
1039 362 1185 408 signum
1206 363 1317 408 hujus
1347 364 1463 400 adoro
1486 369 1521 401 tc
1551 366 1647 403 sicut
1676 368 1754 404 ovis

973 412 1185 457 pastoren13
1220 412 1257 445 et
1286 410 1386 454 ideo,
1416 413 1588 458 Domine,
1619 415 1757 462 adjuva

976 468 1049 501 me,
1070 456 1166 493 sicut
1192 462 1321 503 postor
1338 458 1490 504 adjuvat
1516 471 1624 497 ovem
1653 473 1760 499 suam

975 504 1138 541 debilem
1161 507 1197 540 et
1216 503 1420 540 infirmam.
1438 507 1508 549 Qui
1522 511 1758 555 respondens,

975 554 1057 588 ait.-
1083 554 1163 590 Non
1191 555 1243 587 est
1265 553 1410 597 bonum,
1434 554 1522 599 quia
1550 560 1605 591 est
1626 561 1758 594 contra

977 599 1150 636 ordinem
1164 599 1322 646 juris,et
1343 601 1457 636 etiam
1475 605 1623 639 naturae
1643 615 1759 641 sume-

976 659 1029 691 re,
1051 652 1088 684 et
1107 650 1256 683 auterre
1285 658 1433 693 panem,
1457 647 1494 684 id
1519 653 1576 685 est
1602 653 1758 688 verbum

979 694 1044 731 Dei
1061 698 1097 731 et
1118 693 1262 739 salutis,
1286 705 1353 731 seu
1379 695 1591 733 doctrinam
1613 702 1649 734 et
1670 710 1760 746 ope-

980 743 1167 779 rationem
1203 742 1486 788 miraculosam,
1520 746 1696 791 filc'orum,
1722 745 1761 782 id

980 796 1037 826 est
1055 790 1299 834 Judaeorum;
1333 790 1421 836 quia
1447 792 1636 838 promissa
1675 796 1764 830 sunt

980 837 1135 882 Judaeis,
1159 840 1355 884 tamquam
1386 838 1646 885 spiritualibus
1672 840 1762 877 filiis

980 889 1135 933 propter
1152 885 1297 921 cultum
1320 884 1428 922 unius
1449 886 1514 922 Dei
1534 899 1542 931 3
1566 893 1599 923 et
1618 890 1763 925 mittere

982 934 1147 977 canibus,
1167 932 1204 968 id
1223 936 1278 968 est
1305 932 1396 969 dare
1433 934 1658 981 Gentilibus,
1697 935 1762 982 qui

981 984 1068 1017 ante
1087 979 1374 1016 conversionem
1393 980 1620 1019 dicebantur
1633 994 1763 1028 canes,

982 1030 1129 1064 ratione
1146 1027 1412 1072 immunditiae,
1440 1029 1587 1066 ratione
1609 1030 1764 1067 idolola-

982 1075 1066 1111 triae
1083 1079 1120 1111 et
1137 1074 1283 1111 ratione
1302 1075 1455 1112 saevitiae
1472 1076 1509 1112 in
1528 1078 1698 1114 Sanctos.
1715 1079 1768 1114 At

984 1125 1051 1158 illa
1087 1124 1201 1166 discit,
1234 1133 1319 1158 ecce
1355 1123 1548 1160 humilitas
1584 1125 1769 1169 mulieris,

985 1181 1070 1216 quae
1087 1174 1193 1205 tanto
1214 1170 1296 1215 plus
1319 1172 1599 1216 magnificatur,
1628 1176 1770 1218 quanto

984 1218 1107 1263 major
1120 1216 1189 1252 fuit
1203 1218 1433 1262 objUrgatio,
1451 1229 1533 1264 quae
1549 1225 1690 1265 quanta
1702 1220 1772 1256 fuit

985 1268 1088 1312 patet
1108 1275 1151 1300 ex
1180 1263 1301 1300 tribus
1323 1275 1330 1299 :
1359 1265 1447 1311 quia
1468 1277 1544 1301 non
1560 1267 1653 1312 tilia,
1691 1278 1769 1303 non

984 1322 1083 1359 pane
1115 1311 1244 1357 digna,
1271 1311 1336 1347 sed
1357 1312 1481 1358 potius
1502 1314 1606 1349 canis
1637 1318 1694 1351 est
1714 1315 1771 1351 di-

985 1364 1069 1400 cta;
1094 1362 1131 1395 et
1162 1359 1244 1405 ipsa
1280 1359 1467 1395 concessit
1500 1361 1641 1406 omnia,
1669 1362 1768 1398 unde

986 1406 1156 1452 sequitur
1178 1417 1185 1441 :
1204 1408 1342 1450 Etiam,
1357 1409 1521 1443 Domine.
1540 1409 1651 1452 Quasi
1670 1409 1767 1446 dice-

987 1458 1044 1491 ret
1060 1466 1070 1489 .·
1089 1455 1224 1489 Verum
1238 1453 1345 1497 dicis,
1362 1455 1450 1500 quia
1468 1466 1552 1491 sum
1565 1456 1679 1493 canis
1696 1458 1765 1494 Ca-

987 1511 1073 1538 nem
1093 1511 1153 1536 me
1177 1511 1303 1545 vocaS,
1325 1502 1429 1537 canis
1450 1506 1535 1539 tuus
1557 1514 1640 1540 esse
1661 1505 1768 1550 volo;

988 1559 1078 1594 ergo
1098 1558 1157 1583 me
1174 1558 1307 1584 canem
1323 1552 1429 1585 tuum
1450 1549 1566 1595 nutri,
1589 1551 1678 1597 quia
1696 1563 1771 1587 non

988 1606 1141 1643 possum
1174 1595 1387 1641 relinquere
1418 1607 1588 1634 mensam
1625 1598 1775 1635 Domini

990 1643 1077 1679 mei.
1092 1642 1242 1679 Domini
1258 1654 1371 1679 canes
1385 1655 1460 1680 non
1473 1646 1682 1692 expellunt;
1696 1650 1733 1683 et
1744 1645 1775 1682 si

992 1691 1228 1738 expelluntur
1242 1700 1309 1737 per
1325 1702 1435 1727 unam
1457 1698 1618 1738 portam,
1634 1693 1705 1740 ipsi
1722 1705 1779 1730 re-

992 1742 1191 1775 vertuntur
1209 1748 1277 1784 per
1297 1737 1423 1774 aliam.
1448 1739 1485 1776 Si
1503 1751 1591 1786 ergo
1606 1752 1688 1777 sum
1709 1752 1773 1778 ca-

992 1786 1065 1830 nis,
1084 1796 1160 1821 non
1181 1785 1297 1821 debes
1324 1796 1384 1822 me
1405 1788 1591 1832 expellere
1613 1799 1635 1825 a
1653 1793 1714 1833 te;
1738 1791 1776 1826 et

994 1833 1025 1869 si
1043 1832 1197 1878 expellis
1227 1843 1287 1869 me
1312 1843 1334 1869 a
1365 1837 1415 1878 te,
1444 1836 1617 1881 protinus
1644 1837 1776 1873 redibo

994 1881 1042 1918 ad
1062 1885 1098 1916 te
1118 1891 1127 1915 :
1146 1882 1242 1918 Nam
1264 1884 1296 1916 et
1317 1883 1440 1917 catelli
1461 1883 1572 1918 edunt
1591 1884 1635 1919 de
1653 1886 1772 1928 micis,

995 1939 1076 1975 quae
1122 1928 1258 1963 cadunt
1292 1929 1336 1963 de
1374 1940 1499 1965 mensa
1544 1931 1776 1967 dominorum

995 1986 1155 2012 suorum.
1178 1975 1289 2018 Quasi
1307 1975 1477 2012 diceret:
1501 1978 1677 2023 Domine,
1699 1989 1777 2015 non

996 2027 1083 2070 peto
1115 2033 1252 2069 panem
1283 2023 1349 2059 sed
1382 2024 1533 2069 micam,
1563 2026 1652 2071 quia
1678 2026 1778 2062 istud

998 2070 1099 2117 quod
1118 2074 1202 2116 peto
1227 2073 1283 2106 est
1302 2070 1368 2107 tibi
1393 2074 1498 2117 quasi
1521 2072 1619 2109 mica
1637 2084 1780 2120 parva;

999 2122 1036 2154 et
1063 2118 1152 2164 quia
1182 2119 1416 2154 consuetudo
1435 2124 1491 2155 est
1511 2121 1612 2166 quod
1638 2120 1783 2157 domini

999 2166 1090 2202 dant
1109 2164 1264 2202 canibus
1291 2169 1327 2201 et
1360 2167 1504 2202 catellis
1538 2167 1616 2204 suis
1649 2168 1785 2205 saltem

1000 2213 1131 2259 micas,
1166 2223 1255 2258 ergo
1290 2214 1337 2249 da
1369 2213 1461 2249 milii
1496 2214 1606 2251 istam
1644 2215 1782 2252 micam

1001 2271 1115 2307 quam
1130 2265 1229 2307 peto,
1244 2260 1385 2297 scilicet
1398 2261 1486 2298 filiae
1501 2273 1595 2299 meze
1616 2263 1786 2299 curatio-

1002 2319 1102 2345 nem.
1122 2308 1204 2352 Vel,
1227 2307 1354 2352 etiam,
1376 2309 1550 2355 Domine,
1574 2311 1611 2346 id
1635 2315 1692 2347 est
1712 2313 1783 2348 bo-

960 2388 961 2406 ,
1003 2367 1093 2392 num
1118 2361 1172 2392 est
1190 2355 1226 2391 in
1252 2366 1363 2392 casu:
1386 2357 1487 2393 unde
1514 2369 1591 2394 non
1616 2364 1673 2394 est
1693 2370 1785 2395 con-

145 2403 215 2439 bus
232 2405 336 2448 3p0st
354 2405 515 2438 mortem
534 2406 659 2439 autern
676 2402 813 2438 Christi
834 2412 928 2448 prae-
961 2413 962 2448 ;

1003 2402 1180 2439 trarietas
1197 2402 1236 2438 in
1254 2404 1368 2439 verbo
1385 2404 1523 2441 Christi
1536 2413 1573 2442 et
1586 2405 1756 2442 mulieris
1776 2420 1784 2442 :

195 2501 217 2541 4
238 2498 263 2533 C
774 2498 826 2533 A,
869 2498 904 2532 ,H
960 2452 963 2500 ἒ
1005 2452 1092 2497 quia
1127 2451 1282 2486 verbum
1317 2451 1454 2487 christi
1489 2456 1546 2489 est
1578 2453 1792 2499 intelligen-

269 2508 450 2532 HANANAEAE
485 2509 689 2533 HUMILITAS.
710 2518 754 2523 --
861 2509 874 2532 2,
908 2508 929 2532 a
962 2521 963 2526 ,

1006 2500 1109 2542 dum,
1143 2498 1243 2544 quod
1274 2509 1351 2534 non
1387 2503 1468 2536 erat
1503 2500 1729 2547 regulariter
1750 2503 1798 2536 et

1006 2545 1271 2581 universaliter
1292 2546 1433 2583 bonum
1446 2558 1530 2583 cum
1545 2548 1716 2584 Christus
1735 2558 1790 2584 es-

1007 2597 1064 2629 set
1089 2594 1291 2639 Apostolus
1321 2595 1568 2638 Judaeorum;
1607 2596 1672 2630 sed
1706 2605 1790 2630 ver-

1007 2640 1097 2676 bum
1139 2641 1310 2676 mulieris
1344 2641 1633 2688 intelligendum
1665 2646 1725 2678 est
1753 2653 1789 2677 ιι]

1010 2698 1112 2731 casu,
1140 2688 1283 2724 scilicet
1308 2693 1462 2735 propter
1489 2689 1651 2735 petentis
1676 2686 1791 2726 devo'-

965 2770 966 2775 ,
1010 2735 1166 2781 tionem,
1198 2739 1235 2771 et
1278 2741 1318 2772 ut
1355 2737 1572 2773 ostenderet
1614 2737 1792 2773 Ecclesiae

1011 2783 1185 2820 Gentium
1202 2784 1368 2820 suturam
1389 2783 1651 2822 fundationem
1674 2787 1793 2824 :Nam

1664 2854 1702 2884 21
