1894 3186
175 196 233 229 25?

177 265 402 303 tradicibilia
436 266 577 305 inducti
614 272 650 306 ct
676 269 861 315 conjuncti
893 272 946 304 tc-

177 312 365 357 stimonia,
386 319 513 350 tamen
534 316 711 353 nolebant
737 317 889 352 credere
910 316 946 351 in
978 345 980 367 4

177 370 259 395 eum
299 361 402 397 Unde
424 362 512 397 dicit
535 375 543 398 ε
564 366 611 399 Ec
628 376 696 399 non
715 365 826 398 vulta<
846 365 946 397 reness-
978 374 981 396 1

174 417 213 441 rc
245 408 293 442 ad
319 420 386 453 me,
418 409 558 446 scilicet
580 422 645 456 per
678 411 805 453 fidem,
834 410 871 445 id
893 413 948 445 est>

174 465 248 489 non
283 455 393 492 vultis
425 458 579 493 credere
614 457 654 493 in
681 469 754 499 me,
775 461 811 493 et
843 468 864 493 a
889 468 946 492 me

174 511 342 545 (1uaerere
362 514 488 540 veram
512 505 686 549 salutem,
708 516 750 541 ex
769 505 847 541 sola
868 514 946 539 ma-

174 547 255 584 litia
299 553 433 586 vestrae
469 552 684 595 voluntatis,
727 553 816 598 quia
854 550 947 586 nihil

173 595 273 631 aliud
295 596 451 643 impedit
470 610 549 643 vos,
570 599 641 634 nisi
665 599 792 634 odium
819 601 949 633 contra

174 652 235 678 me
254 648 475 691 conceptum
497 656 519 682 a
552 646 673 689 vobis;
712 656 786 681 non
823 645 948 688 vultis,

176 689 348 736 inquam,
389 693 542 728 credere
577 693 615 728 in
656 703 729 736 me,
761 696 801 728 ut
835 694 950 727 vitam

177 740 346 773 aeternam
368 740 546 783 habeatis,
571 750 669 775 nunc
698 740 734 775 in
757 750 835 785 spe,
856 742 892 774 et
913 738 950 774 in

178 784 304 820 futuro
327 785 365 820 in
384 797 437 829 re,
461 797 542 829 quae
564 787 725 822 habetur
748 797 815 832 per
837 786 951 821 fidem

177 830 376 867 formatam
397 833 569 877 caritate3
600 833 650 869 ita
671 844 792 879 neque
815 832 952 869 veritas

178 889 242 913 vos
270 879 467 925 convincit,
496 891 617 926 neque
643 880 840 926 promissio
867 880 952 915 vitae

180 935 245 960 vos
266 926 393 962 trahit.
422 927 562 962 Deinde
596 928 790 973 redarguit
821 938 950 963 eorum

178 971 354 1008 duritiam
390 976 426 1008 et
458 973 673 1010 tarditatem
712 975 759 1010 ad
793 974 948 1010 creden-

176 1019 278 1060 dum,
305 1020 460 1056 dicens:
482 1024 558 1064 qu
575 1024 657 1056 veni
677 1024 715 1057 in
738 1024 892 1065 nomine,
913 1024 949 1056 et

176 1066 223 1101 ad
256 1066 454 1111 honorem,
482 1070 604 1104 Patris
620 1071 703 1111 mei,
722 1072 761 1104 ut
787 1079 854 1115 per
889 1079 947 1104 me

178 1113 289 1148 Pater
330 1114 575 1159 glorificetur,
617 1116 715 1161 quod
746 1119 849 1161 patet
880 1126 948 1161 per

173 1160 352 1205 praedicta
382 1161 597 1197 testimonia
622 1174 629 1198 z
657 1167 689 1198 et
709 1174 779 1198 non
811 1165 944 1208 accipi-

174 1209 221 1242 tis
241 1218 308 1251 me,
328 1219 395 1244 nec
416 1208 453 1244 in
475 1220 533 1245 me
555 1209 717 1249 creditis,
741 1210 805 1245 sed
828 1209 945 1255 magis

172 1254 456 1300 persequimini,
483 1256 570 1300 quia
605 1256 841 1292 dilectionem
881 1257 945 1292 Dei

176 1312 251 1336 non
291 1302 450 1338 habetis.
479 1304 521 1338 Et
554 1303 640 1339 inde
661 1314 772 1349 poena
803 1303 945 1350 peccati

175 1348 282 1384 vobis
301 1349 380 1384 haec
401 1349 483 1392 erit,
506 1350 594 1395 quia
617 1362 625 1386 ε
649 1353 682 1385 si
704 1352 812 1393 alius,
835 1351 871 1386 id
891 1354 946 1387 est

172 1395 422 1431 Antichristus
453 1398 492 1432 in
525 1399 666 1432 nomine
697 1408 759 1433 suo
795 1401 944 1442 venerit,

176 1442 211 1477 id
231 1446 288 1477 est
310 1454 385 1478 non
407 1444 551 1480 habens
572 1444 751 1490 praedicta
777 1445 945 1480 testimo-

175 1490 240 1525 nia
263 1492 298 1525 et
320 1500 423 1525 suam
442 1490 599 1536 gloriam
621 1493 810 1537 propriam
843 1502 944 1537 qute-

175 1546 263 1572 rens
284 1536 388 1572 illum
415 1540 614 1583 accipietis,
643 1549 709 1584 pro
741 1538 886 1574 Christo
911 1541 946 1574 et

174 1593 261 1619 vere
282 1585 357 1619 Deo
381 1595 388 1619 :
410 1586 466 1627 Ut,
487 1585 694 1621 secundum
712 1586 943 1631 Apostolum,

172 1631 322 1666 credant
341 1632 541 1676 mendacio,
573 1635 637 1678 qui
662 1634 853 1668 noluerunt
870 1644 944 1668 crc-

171 1677 254 1712 dcre
275 1680 435 1713 veritati.
461 1679 572 1722 Quasi
591 1679 689 1715 dicat
719 1691 726 1714 :
755 1679 848 1723 Quia
870 1691 944 1716 non

172 1724 366 1770 accepistis
394 1736 465 1769 me,
494 1725 531 1761 id
563 1730 620 1762 est
649 1726 735 1772 quia
762 1738 838 1762 uon
865 1738 944 1763 cre-

171 1771 319 1807 didistis
350 1783 409 1808 me
440 1783 522 1809 esse
541 1773 743 1817 Christum,
768 1774 845 1809 haec
864 1785 944 1820 poe-

173 1829 221 1854 na
254 1818 447 1864 infligetur
484 1820 603 1864 vobis,
640 1823 678 1856 ut
706 1821 851 1866 decepti
879 1832 945 1866 pro

173 1864 318 1901 Christo
349 1866 619 1902 Antichristum
650 1867 852 1913 recipiatis.
877 1869 947 1904 Per

174 1913 244 1947 1106
268 1912 437 1957 arguitur
458 1914 555 1959 qnod
567 1914 686 1950 Judaei
708 1914 819 1960 primi
836 1918 947 1950 erunt

174 1958 237 2004 qui
275 1959 321 1994 ad
358 1960 627 1996 Antichristum
666 1965 944 1998 convertentur.

174 2006 293 2042 Judaei
321 2006 418 2042 enim
448 2007 485 2042 in
506 2008 580 2044 fine
602 2008 871 2044 Antichristum
892 2020 948 2045 re-

176 2052 327 2098 cipient.
350 2058 386 2089 et
412 2055 592 2100 templum
624 2056 656 2091 ei
692 2055 945 2100 aedificabunt,

178 2100 266 2145 quia
289 2100 400 2136 saciet
421 2112 460 2137 se
480 2101 710 2145 circumcidi,
728 2106 763 2138 et
790 2103 887 2138 dicet
908 2114 946 2139 se

175 2147 229 2182 eis
272 2147 511 2193 promissum3
548 2152 584 2185 et
616 2148 649 2184 ei
686 2150 945 2195 adhaerebunt,

175 2204 369 2239 quousque
400 2196 481 2241 ejus
502 2195 645 2231 salsitas
665 2197 862 2242 detegatur
882 2207 948 2243 per

174 2242 325 2276 Henoch
355 2244 392 2277 et
425 2242 555 2277 Eliam.
592 2243 802 2279 Secundum
823 2244 948 2287 Λαρη-

171 2289 320 2330 stimma,
342 2288 591 2325 Antichristus
622 2289 855 2325 ceremonias
879 2292 945 2326 Le-

174 2334 233 2378 gis
252 2334 412 2370 tentabit
437 2340 666 2381 restaurare,
701 2340 741 2372 ut
776 2338 946 2383 Evange-

172 2381 262 2416 lium
297 2381 436 2426 solvat3
476 2393 557 2427 quae
591 2394 650 2419 res
681 2384 830 2419 Judaeos
859 2394 944 2420 eum

172 2438 238 2473 pro
266 2427 411 2463 Christo
433 2429 600 2474 recipere
621 2430 803 2466 suadebit.

222 2477 260 2509 15
290 2476 409 2510 CAUSA
438 2487 544 2511 HUJUS
569 2489 870 2513 INGREDULITATIS.
898 2498 944 2504 —

169 2520 487 2565 Deinde,causam
504 2522 734 2559 infidelitatis
750 2535 878 2560 eorum
891 2524 943 2560 sic

169 2567 294 2604 subdit
314 2581 323 2602 :
346 2569 525 2611 Quomodo
546 2580 606 2604 vos
623 2573 773 2616 potestis
788 2573 940 2617 credere,

172 2617 236 2659 (sui
256 2616 409 2658 ylorz'am
429 2616 632 2652 humanam
654 2618 864 2653 abinvicem
886 2629 943 2654 ac-

172 2664 310 2707 cipitis,
335 2665 367 2697 et
389 2667 639 2708 acceptantes,
666 2664 701 2699 id
723 2668 790 2703 est.
818 2676 861 2700 cx
883 2676 941 2700 su-

172 2707 315 2754 perbia,
337 2709 539 2745 humanum
564 2710 728 2746 favorem
753 2715 943 2757 captantes

172 2756 340 2799 moriam,
375 2767 454 2801 quae
485 2767 507 2791 α
536 2758 609 2792 solo
639 2759 707 2792 Deo
734 2762 798 2801 est,
824 2758 861 2793 id
888 2763 944 2794 est

172 2801 419 2838 humilitatem
444 2813 526 2850 quae
548 2806 602 2840 est
624 2814 711 2840 vera
731 2804 862 2849 gloria,
885 2806 942 2841 vel

626 198 770 235 PRIMAE
807 199 965 234 PARTIS
1004 197 1141 232 CAPUT
1178 198 1359 234 LXXVIII

1022 267 1180 312 gloriam
1201 269 1389 306 coelestem
1409 281 1479 306 non
1501 273 1689 316 quaeritis?
1715 273 1794 309 Non

1020 325 1124 358 ergo,
1142 315 1313 361 quianon
1331 321 1411 353 erat
1426 321 1557 363 aperta
1571 318 1707 354 veritas
1721 331 1791 355 non

1021 362 1244 407 credebaut,
1271 365 1335 399 sed
1357 365 1442 409 quia
1464 365 1639 410 superbia
1652 377 1716 401 eos
1733 377 1793 401 ex-

1021 410 1195 453 caecabat,
1210 421 1290 456 qute
1312 412 1456 447 laudari
1473 416 1559 447 etse
1578 424 1688 458 super
1703 413 1796 449 alios

1021 456 1155 492 etl'erre
1176 457 1374 494 desiderat.
1397 460 1481 494 Ideo
1503 459 1602 495 enim
1624 462 1660 495 in
1683 460 1795 496 Chri-

1021 507 1120 540 stum
1142 505 1292 541 credere
1308 517 1382 541 non
1400 509 1587 552 poterant,
1608 506 1695 552 quia
1711 518 1795 543 cum
1839 531 1846 535 -

1023 551 1182 596 superba
1203 562 1308 587 mens
1328 563 1458 588 eorum
1479 553 1638 599 gloriam
1663 557 1699 590 et
1720 554 1795 590 lau-

1022 597 1106 633 dem
1129 602 1334 644 appeteret,
1364 603 1400 635 et
1433 611 1515 636 sese
1553 612 1664 646 super
1703 601 1795 637 alios

1024 645 1186 687 efferret,
1209 647 1434 691 reputabant
1448 647 1648 692 inglorium
1669 653 1705 684 et
1726 649 1794 684 de-

1023 692 1137 728 decus
1164 694 1201 728 in
1228 693 1416 729 Christum
1437 695 1603 739 credere,
1631 695 1694 740 qui
1727 696 1792 731 ab-

1021 739 1139 785 jectus
1158 743 1193 775 et
1213 750 1354 786 pauper
1373 740 1582 784 videbatur,
1605 745 1639 777 et
1655 742 1738 778 ideo
1760 742 1792 778 ei

1024 786 1175 822 credere
1215 798 1290 822 non
1331 790 1517 833 poterant.
1547 788 1632 833 Sed,
1663 788 1724 824 ille
1754 788 1792 824 in

1025 844 1109 869 eum
1136 834 1287 869 credere
1306 838 1441 880 potest,
1470 834 1533 880 qui
1560 846 1624 871 cor
1649 835 1793 872 habens

1023 880 1178 924 humile,
1199 880 1314 917 solius
1331 881 1396 916 Dei
1413 881 1570 927 gloriam
1589 882 1735 928 quaerit,
1758 886 1792 918 et

1025 928 1055 962 ei
1085 928 1229 972 placere
1260 927 1413 974 appetit.
1443 930 1492 964 Ex
1528 939 1601 975 quo
1638 932 1793 976 apparet

1024 975 1123 1019 quod
1155 975 1312 1010 multum
1344 975 1554 1021 periculosa
1582 979 1639 1012 est
1667 976 1792 1012 inanis

1022 1021 1153 1064 gloria.
1192 1022 1296 1058 Unde
1328 1024 1597 1066 Gltrysostomus
1620 1034 1628 1059 :
1653 1036 1669 1057 «
1695 1023 1792 1059 Nihil

1021 1068 1073 1104 ita
1101 1069 1285 1104 deformat
1311 1069 1488 1114 animam,
1516 1069 1612 1106 sicut
1635 1070 1792 1116 gloriam

1021 1115 1236 1152 desiderare
1258 1119 1469 1160 terrenam;
1501 1127 1575 1152 non
1605 1117 1704 1153 enim
1737 1121 1793 1153 est

1020 1163 1197 1209 possibile
1216 1163 1277 1209 qui
1296 1164 1390 1199 hanc
1408 1163 1564 1209 gloriam
1583 1168 1696 1209 amat,
1715 1165 1792 1209 glo-

1020 1211 1114 1245 riam
1133 1221 1298 1254 quzererc
1321 1210 1505 1246 Crucifixi.
1533 1224 1550 1243 »
1578 1212 1681 1247 Unde
1701 1211 1790 1247 dicit

1021 1260 1055 1292 et
1080 1259 1232 1297 Tullius,
1260 1257 1360 1302 quod
1391 1258 1554 1293 cavenda
1583 1262 1639 1294 est
1668 1258 1788 1294 homi-

1019 1315 1108 1340 num
1128 1304 1259 1350 gloria,
1278 1315 1358 1349 quae
1377 1305 1495 1340 aut'ert
1514 1305 1627 1340 animi
1646 1305 1793 1342 liberta-

1020 1354 1116 1394 tem3
1140 1362 1206 1396 pro
1228 1361 1300 1397 qua
1321 1351 1572 1396 magnanimis
1593 1352 1681 1388 viris
1703 1363 1790 1388 om-

1020 1398 1078 1434 nis
1114 1398 1223 1434 debet
1267 1408 1348 1433 esse
1391 1398 1593 1434 contentio.
1617 1401 1660 1434 Et
1691 1399 1789 1444 ideo,

1019 1445 1221 1481 secundum
1243 1445 1418 1489 Glossam,
1446 1456 1621 1491 magnum
1657 1446 1789 1482 vitium

1020 1496 1075 1528 est
1091 1491 1271 1538 Jactaiitia
1290 1495 1326 1527 et
1346 1493 1519 1528 humana}
1536 1492 1657 1528 laudis
1677 1494 1792 1529 ambi-

1019 1539 1084 1584 tio,
1104 1550 1185 1585 quae
1207 1539 1253 1574 de
1271 1549 1310 1574 se
1328 1539 1504 1574 aestimari
1519 1540 1673 1585 appetit,
1692 1540 1790 1585 quod

1019 1586 1057 1622 in
1084 1597 1122 1622 se
1149 1596 1222 1621 non
1250 1586 1380 1631 habet3
1417 1589 1453 1622 et
1486 1587 1643 1632 gloriam
1670 1598 1788 1633 suam,

1021 1644 1094 1669 non
1116 1632 1273 1678 gloriam
1293 1632 1356 1668 Dei
1371 1633 1516 1678 quaerit.
1537 1635 1564 1669 Ε
1583 1637 1713 1669 contra
1728 1645 1789 1670 ve-

1018 1691 1074 1725 ro,
1097 1691 1233 1726 magna
1261 1679 1378 1716 virtus
1404 1684 1459 1716 est
1482 1680 1687 1726 humilitas,
1708 1691 1789 1725 quae

1020 1739 1059 1764 se
1076 1727 1165 1763 nihil
1186 1729 1347 1772 reputat,
1367 1731 1401 1763 et
1418 1727 1532 1763 solius
1550 1728 1615 1763 Dei
1632 1728 1789 1773 gloriam

1021 1774 1167 1819 quaerit,
1209 1774 1315 1818 eique
1354 1773 1423 1809 soli
1457 1774 1603 1820 placere
1634 1775 1787 1820 appetit.

1022 1824 1106 1857 Haec
1142 1823 1198 1856 est
1227 1821 1336 1856 etiam
1366 1832 1489 1866 causa,
1521 1832 1586 1857 cur
1614 1822 1790 1857 mandata

1024 1868 1088 1904 Dei
1109 1879 1182 1903 non
1202 1868 1422 1913 impleamus
1444 1881 1455 1903 .·
1475 1868 1650 1914 quianon
1671 1868 1789 1903 humi-

1021 1916 1088 1956 les,
1112 1915 1177 1950 sed
1192 1914 1341 1960 superbi
1371 1918 1406 1950 et
1432 1915 1619 1951 ambitiosi
1647 1926 1787 1959 sumus,

1022 1966 1289 2008 przesumentes
1312 1962 1356 1997 de
1378 1962 1559 1998 industria
1579 1965 1615 1998 et
1648 1962 1788 1998 viribus

1022 2009 1174 2049 nostris,
1210 2012 1250 2045 ut
1280 2009 1326 2044 ad
1356 2019 1399 2044 ea
1430 2008 1620 2055 implenda
1648 2019 1787 2054 nequa-

1023 2067 1133 2102 quam
1156 2055 1342 2091 humiliari
1373 2056 1572 2102 possimus.
1602 2056 1682 2099 Vel,
1718 2057 1788 2091 hoc

1023 2102 1214 2149 impedivit
1239 2103 1388 2138 Judaeos
1415 2114 1436 2138 a
1457 2103 1530 2138 fide
1563 2102 1712 2146 Christi,
1748 2103 1785 2137 in

1022 2153 1140 2196 parte,
1181 2149 1268 2195 quia
1302 2150 1421 2185 solum
1457 2149 1716 2193 attendebant,
1752 2153 1787 2184 et

1021 2197 1143 2233 adhuc
1175 2196 1374 2231 intendunt
1397 2196 1443 2231 ad
1465 2196 1637 2241 gloriam,
1662 2199 1698 2231 et
1724 2207 1786 2232 ex-

1021 2243 1238 2279 altationem
1261 2243 1521 2288 temporalem,
1543 2243 1704 2278 dandam
1735 2242 1787 2278 eis

1020 2293 1087 2336 per
1109 2289 1304 2333 Messiam;
1328 2289 1503 2325 videbant
1530 2294 1654 2325 autem
1682 2289 1785 2326 Chri-

1021 2341 1118 2373 stum
1138 2346 1340 2383 pauperem
1369 2339 1405 2372 et
1426 2337 1624 2383 abjectum.
1647 2339 1683 2372 et
1702 2336 1785 2372 ideo

1020 2395 1096 2420 non
1122 2387 1345 2428 receperunt
1373 2394 1471 2427 eum,
1500 2394 1575 2419 non
1595 2383 1788 2419 attenden-

1019 2434 1075 2466 tes
1096 2430 1304 2476 Scripturas
1324 2431 1610 2475 Prophetarum,
1634 2440 1714 2475 quae
1742 2429 1788 2465 de

1021 2479 1100 2523 eJ'us
1117 2480 1336 2523 paupertate
1353 2480 1389 2512 et
1406 2477 1618 2522 abjectione
1633 2477 1787 2522 loquun-

1021 2528 1094 2560 tur.
1116 2523 1240 2560 Gloria
1255 2527 1380 2559 autem
1417 2527 1452 2559 et
1476 2524 1662 2567 exaltatio,
1701 2533 1785 2568 quae

1019 2582 1085 2617 per
1105 2570 1292 2607 Christum
1314 2570 1438 2606 danda
1458 2570 1700 2616 promittitur,
1722 2570 1786 2604 illa

1019 2621 1075 2654 cst
1090 2616 1208 2663 gloria
1225 2617 1398 2657 eoelestis,
1423 2628 1534 2662 quam
1554 2628 1628 2653 non
1646 2615 1783 2651 intelli-

1018 2666 1179 2709 gebant;
1201 2667 1238 2700 et
1257 2663 1340 2699 ideo
1367 2663 1524 2709 gloriam
1545 2674 1629 2709 quae
1656 2673 1678 2698 a
1703 2663 1781 2698 solo

1020 2714 1093 2747 Deo
1116 2714 1181 2755 est,
1203 2721 1276 2746 non
1310 2712 1539 2756 quaerebant,
1563 2713 1598 2745 et
1631 2711 1783 2755 propter

1017 2759 1089 2794 hoc
1106 2758 1144 2793 in
1162 2757 1383 2793 infidelitate
1401 2768 1467 2793 sua
1481 2758 1781 2808 permanserunt.

1019 2807 1099 2851 Ipse
1121 2804 1220 2841 solus
1250 2807 1371 2850 potest
1392 2804 1536 2840 Christo
1573 2813 1728 2850 pauperi
1746 2805 1782 2837 et
