1894 3186
370 220 424 255 DE
463 218 630 252 DUOBUS
671 218 955 253 DAEMONIACIS
991 220 1014 253 A
1055 220 1242 253 LEGIONE
1281 221 1506 257 OBSESSIS.
1715 229 1752 266 19

120 293 314 331 hominum
340 294 462 339 perire
488 291 657 338 permisit
690 293 787 328 Deus
822 292 894 327 duo

120 341 236 378 millia
256 352 452 387 porcorum
474 351 483 383 3
511 340 666 375 multum
689 350 779 383 ergo
807 350 893 385 pee-

121 392 220 434 cant,
240 390 301 435 qui
330 389 519 424 hominem
543 388 712 433 perdere,
734 387 789 422 vel
818 397 896 422 mu-

119 435 225 472 tilare
264 448 336 471 non
368 435 586 471 formidant.
627 453 672 461 -—
707 436 828 479 Sexta,
849 433 897 469 ad

119 484 383 519 contumeliam
405 484 618 519 ‹laemonum
633 495 641 528 3
659 481 745 528 quia
766 491 898 527 porcus

125 530 262 567 animal
304 535 358 567 est
395 531 643 567 immundum.
698 530 896 574 Elegerunt

123 578 226 613 enirn
259 579 399 614 intrare
436 579 473 613 in
514 588 659 621 porcos,
700 577 789 622 quia
827 576 899 611 hoc

126 626 245 669 magis
269 626 337 661 sibi
363 624 527 671 permitti
548 625 743 671 putabant,
772 627 809 659 et
828 623 900 658 hoc

122 674 242 718 magis
269 674 527 716 coneruebat3
564 672 666 717 porci
689 672 788 706 enim
813 681 899 716 pro-

123 722 208 765 pter
226 720 517 762 immunditiam,
545 724 580 755 et
604 722 793 765 serpentes
814 728 902 762 pro-

125 770 208 812 pter
229 768 418 809 astutiam,
442 768 560 814 magis
597 767 649 802 eis
671 768 901 811 competunt.

124 815 229 850 Unde
255 817 469 859 Remmius:
512 828 530 849 «
556 815 643 850 Ideo
681 819 805 849 autem
828 823 903 848 non

125 863 316 906 petierunt
353 863 449 898 mitti
493 863 530 898 in
580 861 765 905 homines,
818 861 906 905 quia

113 908 228 944 -illum
263 911 368 955 cujus
390 911 523 945 virtute
543 909 817 954 torquebantur
836 909 905 943 hu-

126 967 276 992 manam
308 958 469 1002 speeiem
516 963 661 1001 gestare
705 956 904 998 videbant,

130 1014 200 1039 nee
217 1005 406 1050 petierunt
425 1009 464 1040 ut
485 1006 520 1040 in
547 1014 684 1049 pecora
711 1003 907 1038 mitteren-

130 1055 205 1095 tur,
226 1052 313 1094 quia
349 1053 448 1087 velut
477 1052 617 1087 munda
653 1050 843 1089 animalia,
871 1050 908 1084 in

133 1098 271 1143 templo
294 1100 357 1134 Dei
395 1100 683 1142 ‹ill'ervliantur3
721 1099 910 1143 petierunt

129 1149 254 1182 autem
272 1149 312 1180 ut
340 1147 374 1180 in
396 1157 527 1191 porcos
542 1147 793 1188 mitterentur,
822 1145 908 1189 quia

134 1192 277 1228 nullum
297 1193 436 1228 animal
460 1193 690 1228 immundius
709 1195 763 1227 est
782 1202 908 1236 porco,

131 1243 170 1276 et
190 1240 377 1276 daemones
398 1251 544 1285 semper
567 1241 603 1275 in
635 1240 821 1285 spurcitiis
842 1240 908 1274 de-

133 1288 359 1325 lectantur.»
388 1308 426 1313 —
460 1287 637 1331 Septima,
661 1291 812 1332 propter
830 1297 912 1332 my-

131 1335 301 1377 sterium,
327 1346 412 1371 nam
436 1346 540 1381 perol
565 1345 629 1380 qul
663 1345 739 1370 non
769 1334 912 1369 habent
944 1340 945 1346 ¹

131 1382 180 1418 ad
214 1384 347 1419 coelum
382 1383 528 1426 faciem,
551 1382 613 1417 sed
647 1393 668 1417 a
693 1386 848 1423 terram,
876 1385 912 1416 et

132 1429 171 1465 in
205 1430 284 1466 luto
319 1431 444 1477 jacere
477 1431 725 1473 delectantur,
773 1428 912 1475 signifi-

136 1481 223 1513 cant
242 1477 324 1513 illos
345 1478 407 1522 qui
446 1479 563 1512 Deum
585 1488 660 1522 prae
699 1476 814 1511 oculis
839 1487 913 1511 non

133 1524 289 1569 habent,
309 1525 372 1561 sed
391 1525 490 1560 vitiis
513 1525 754 1560 sordidantur
774 1535 784 1568 ;
820 1526 856 1558 et
875 1524 913 1558 111

135 1570 175 1607 111
211 1575 431 1618 potestatem
474 1573 686 1607 daemonum
713 1571 914 1605 traduntur

138 1623 176 1656 et
196 1619 236 1655 in
257 1619 443 1655 infernum
465 1630 548 1654 cum
576 1619 628 1654 eis
663 1618 826 1653 finaliter
846 1619 913 1653 de-

137 1671 362 1713 merguntur
399 1678 405 1708 3
453 1670 490 1701 et
528 1676 628 1701 nunc
663 1665 834 1700 suffocati
876 1666 915 1700 in

138 1715 245 1760 aquis
282 1718 318 1749 et
343 1714 598 1758 voluptatibus
631 1714 740 1759 hujus
768 1713 913 1757 mundi,

143 1764 233 1797 tunc
251 1761 535 1796 suffocaliuntur
561 1761 598 1795 in
621 1761 761 1806 abyssis
781 1764 817 1794 et
853 1771 916 1804 pu-

136 1865 242 1892 more
262 1856 366 1902 porci
389 1856 533 1897 vixerit,
554 1855 723 1890 diabolus
750 1858 913 1900 potesta-

135 1906 212 1939 tem
234 1904 271 1938 in
297 1914 340 1938 eo
368 1913 443 1938 non
462 1903 629 1942 habebit,
652 1904 725 1938 nisi
752 1903 846 1937 forte
868 1902 915 1937 ad

134 1950 388 1997 probandum,
427 1961 502 1985 non
537 1951 583 1985 ad
616 1951 863 1996 perdendum.
895 1962 912 1983 »

134 1998 240 2035 Unde
267 2000 303 2033 et
321 1998 553 2041 Auqustz'nus
571 2010 581 2032 :
597 2010 615 2031 «
632 1997 731 2034 Certi
748 1998 915 2043 mysterii

135 2045 268 2092 gratia,
294 2049 331 2080 et
359 2050 461 2080 certa
479 2045 755 2090 dispensatione
777 2044 917 2080 dimisit

139 2092 328 2129 daemones
364 2093 401 2127 in
440 2102 586 2137 porcos,
625 2095 666 2128 ut
701 2093 917 2128 ostenderet
949 2117 951 2143 ἱ
992 2104 1081 2129 vero
1100 2094 1213 2138 tristi,
1235 2096 1343 2131 discit
1367 2108 1441 2133 non
1466 2099 1627 2136 libenter
1647 2100 1771 2137 dicere

139 2139 331 2176 diabolum
352 2138 389 2174 in
412 2141 463 2174 eis
496 2139 682 2175 dominari
712 2140 774 2185 qui
801 2140 916 2175 vitam

137 2196 338 2232 porcorum
371 2190 559 2232 gerunt.»
596 2187 679 2232 Ubi,
710 2187 917 2223 secundum

139 2233 386 2277 Ambrosium,
409 2234 645 2270 clementiam
679 2234 827 2271 Domini
858 2236 919 2270 de-

142 2281 273 2318 hemus
290 2283 488 2318 advertere
507 2296 515 2327 ;
537 2283 637 2328 quod
652 2283 794 2318 nullum
818 2283 920 2328 prius

142 2329 221 2382 ipse
265 2330 530 2375 condemnat,
558 2330 624 2365 sed
664 2330 919 2376 unusquisque
952 2346 954 2375 3

141 2386 220 2422 lpse
252 2376 322 2412 sibi
358 2381 490 2412 auctor
511 2380 564 2413 est
591 2387 724 2422 poenae.
749 2378 922 2413 Timeant

141 2433 231 2468 ergo
252 2422 455 2465 libidinosi,
484 2424 738 2471 gastrimargi,
762 2425 826 2471 qui
848 2425 921 2460 im-

141 2470 272 2505 mundi
294 2471 332 2505 in
354 2472 527 2507 sordibus
558 2472 715 2509 luxuriae
749 2476 786 2508 et
814 2473 921 2508 volu-

141 2520 286 2562 ptatum
304 2518 445 2563 vivunt,
469 2529 516 2554 ne
544 2519 582 2555 in
604 2522 825 2564 potestatem
841 2520 922 2555 dia-

149 2563 226 2600 boli
246 2565 358 2600 etiam
380 2564 558 2610 viventes,
590 2567 750 2603 Domino
769 2567 925 2613 Jubente

148 2610 207 2646 vel
225 2613 480 2656 permittente,
499 2614 718 2659 tradantur;
743 2618 779 2650 et
800 2618 926 2660 postea

151 2668 237 2710 cum
273 2669 317 2694 eo
352 2660 390 2694 in
424 2659 612 2697 infernum
640 2662 924 2705 demergantur.

152 2704 299 2741 Dicitur
329 2708 441 2743 etiam
461 2709 561 2753 quod
596 2708 784 2745 daemones
820 2707 927 2744 nobi-

153 2750 267 2788 liores
309 2758 462 2798 peccata
519 2755 753 2792 detestantur
810 2756 900 2791 vilia
917 2783 926 2799 ,

154 2803 294 2843 quanto
332 2802 451 2848 magis
475 2801 590 2838 homo
616 2803 727 2839 debet
752 2802 929 2838 detestari

153 2854 197 2880 ea
216 2845 234 2880 ‘l
265 2847 374 2883 Patet
403 2852 531 2885 autem
557 2860 600 2886 ex
633 2850 705 2886 hoc
731 2860 845 2896 quam
869 2849 931 2886 de-

972 292 1155 328 testabilis
1203 295 1250 330 sit
1293 296 1422 337 libido,
1472 302 1748 350 gastrimargia,

971 341 1119 375 sieutet
1139 342 1345 387 superbia3
1381 356 1452 380 non
1483 349 1581 384 enim
1616 351 1753 388 leffitur

974 387 1164 441 diabolum
1202 389 1239 424 in
1258 390 1407 436 aliquod
1430 394 1603 432 animalis
1638 381 1750 444 onrga·

976 445 1064 470 num
1126 440 1281 488 intrasse
1339 444 1587 486 praetemptatu
1634 448 1751 493 porci,

974 487 1171 527 serpentis,
1203 488 1239 519 et
1280 486 1459 522 hominis.
1497 490 1562 524 Ubi
1599 493 1756 536 omisso-

975 533 1112 565 stomus
1158 543 1168 565 .·
1206 543 1224 565 «
1267 532 1358 568 Cum
1405 536 1545 579 porcini
1585 531 1756 578 homines

980 580 1080 622 sunt,
1118 577 1225 613 facile
1250 581 1330 625 capi
1354 587 1509 626 possunt
1537 586 1584 620 ab
1606 589 1758 624 aetioni-

979 624 1058 661 bus.
1087 626 1236 661 Porcini
1263 633 1350 663 sunt
1369 629 1539 665 homines
1560 634 1666 669 avide
1695 646 1755 671 60-

982 673 1175 708 medentes
1215 685 1280 717 per
1322 677 1461 721 gulam,
1500 679 1655 723 pingues
1694 694 1761 728 per

980 719 1180 766 luxuriam,
1208 720 1246 756 in
1276 722 1354 757 luto
1388 724 1658 772 jacentes'por
1684 731 1758 765 aci-

981 767 1096 811 diam,
1140 768 1179 803 in
1216 772 1318 805 terra
1357 771 1541 808 fodientes
1580 786 1646 819 per
1680 787 1761 813 ava-

981 815 1121 857 ritiam,
1150 822 1364 859 spumantes
1387 829 1452 862 per
1475 820 1757 860 iracundiam.»

1030 866 1048 906 ί,
1073 863 1219 899 CONTRA
1234 876 1492 903 DETRACTORES.
1515 888 1557 894 —
1582 870 1652 904 Per
1683 882 1764 917 por-

987 921 1050 946 cos
1071 911 1184 946 etiam
1219 912 1484 957 significantur
1519 915 1762 963 (letrau-tore&

986 962 1022 993 et
1060 957 1329 1009 referendarii,
1368 961 1431 1004 qui
1471 968 1676 1007 pascuntur
1718 967 1764 1002 de

986 1006 1141 1041 faecibus
1165 1011 1202 1039 et
1220 1006 1466 1043 immunditiis
1487 1011 1646 1047 all-mum
1668 1017 1763 1049 tam-

986 1063 1099 1098 quam
1128 1053 1245 1098 porci,
1281 1056 1485 1090 relerentes
1517 1068 1599 1102 quae
1636 1061 1765 1096 vident

986 1101 1043 1135 vel
1079 1100 1249 1145 audiunt,
1280 1102 1419 1137 rodunt
1455 1103 1567 1139 vitain
1601 1116 1761 1154 eorum;

987 1157 1080 1193 quos
1099 1146 1212 1181 etiam
1239 1147 1430 1184 daemones
1461 1150 1603 1186 intrant
1636 1158 1670 1189 et
1697 1155 1766 1190 de-

987 1198 1165 1239 mergunt
1181 1193 1218 1229 in
1239 1193 1441 1231 infernum.
1471 1198 1670 1240 Erubesce„
1697 1201 1765 1237 mi-

987 1253 1062 1285 ser,
1083 1242 1128 1276 de
1149 1242 1219 1276 1106
1257 1242 1468 1279 detestabili
1503 1245 1639 1292 officio,
1664 1248 1764 1288 pacis

987 1289 1244 1331 turbamento,
1268 1294 1304 1324 et
1322 1290 1520 1328 discordiae
1547 1296 1763 1341 seminario,

988 1342 1025 1373 et
1044 1337 1197 1381 insuper
1224 1336 1314 1372 time
1337 1338 1381 1373 de
1409 1339 1545 1375 anima}
1569 1343 1762 1389 periculo;

988 1385 1076 1431 quia
1097 1384 1266 1420 diabolus
1293 1385 1330 1420 in
1351 1389 1385 1420 te
1413 1391 1633 1431 potestatem
1664 1402 1768 1427 acee-

988 1434 1055 1478 pit,
1075 1431 1226 1476 quando
1256 1436 1291 1468 te
1314 1434 1361 1468 ad
1388 1434 1460 1469 1106
1484 1436 1649 1472 ostii-ium
1686 1448 1768 1484 per-

991 1479 1108 1523 duxit,
1137 1482 1173 1513 et
1210 1480 1272 1524 qui
1305 1491 1403 1515 nunc
1430 1485 1465 1516 te
1497 1484 1692 1520 suffocavit
1725 1486 1763 1521 in

991 1528 1062 1562 1106
1090 1526 1193 1571 vitio,
1219 1530 1348 1571 postea
1367 1532 1401 1562 te
1421 1529 1621 1566 suffocabit
1648 1533 1685 1568 in
1707 1532 1764 1568 in-

990 1574 1112 1609 ferno.
1134 1574 1279 1609 Timeat
1303 1576 1415 1610 etiam
1438 1582 1474 1611 et
1503 1583 1631 1613 caveat
1657 1580 1768 1616 audi-

988 1625 1049 1656 tor
1071 1631 1116 1655 ne
1137 1621 1274 1656 talibus
1292 1624 1562 1660 consentiendo
1590 1630 1627 1660 et
1659 1637 1769 1663 aures

993 1668 1195 1714 praebendo
1215 1669 1268 1703 eis
1298 1669 1430 1705 similis
1451 1670 1545 1717 fiat,
1568 1674 1655 1718 quia
1674 1676 1769 1710 sicut

992 1716 1289 1761 superlinguam
1313 1717 1547 1763 detractoris,
1576 1722 1627 1755 sic
1658 1732 1769 1767 super

363 1807 369 1813 ,
770 1807 776 1812 ,
806 1808 810 1812 .
890 1808 894 1812 ι
947 1786 949 1810 3
990 1773 1099 1798 aures
1125 1763 1306 1798 auditoris
1330 1764 1501 1801 diabolus
1533 1769 1649 1812 sedet,
1681 1774 1717 1804 et
1740 1771 1770 1805 si

142 1809 213 1844 teis
233 1808 384 1843 inferni.
402 1809 506 1844 Unde
531 1809 658 1844 Glossa
681 1820 691 1843 .·
715 1809 813 1842 «Nisi
834 1818 916 1852 quis
947 1818 949 1824 ’

993 1821 1066 1845 11011
1090 1814 1188 1844 esset
1229 1811 1390 1856 auditor,
1417 1823 1490 1848 non
1519 1819 1614 1850 esset
1645 1817 1771 1852 detrav

948 1887 949 1895 ,
993 1861 1087 1892 ctor.
1121 1857 1225 1892 Unde
1245 1858 1372 1894 Glossa
1399 1872 1512 1904 super
1532 1862 1621 1897 illud
1643 1875 1650 1899 :
1675 1866 1768 1900 Ven-

948 1933 949 1942 ,
992 1908 1050 1940 tus
1069 1904 1209 1950 Aquilo
1229 1906 1391 1951 dissipat
1412 1909 1575 1954 pluvias,
1597 1913 1630 1945 et
1654 1913 1771 1955 facies

993 1954 1111 1988 tristis
1131 1953 1295 1996 linquam
1312 1955 1573 2002 detrahentem,
1595 1958 1646 1993 sic
1666 1960 1768 1996 dicit:

996 2014 1009 2032 u
1029 2000 1191 2052 Si.hi.¹³¹'¹
1206 2001 1311 2036 vultu
1327 2002 1576 2040 detractorem
1592 2005 1769 2051 audieris,

992 2050 1034 2082 tu
1070 2048 1124 2082 illi
1153 2048 1218 2082 das
1250 2048 1418 2086 fomitem
1449 2052 1704 2099 detrahendi;
1740 2054 1770 2089 si

993 2142 1093 2186 quod
1114 2142 1287 2178 didicerit
1313 2155 1388 2180 non
1413 2146 1577 2182 libenter
1594 2148 1730 2184 audiri.
1751 2161 1769 2183 1)

992 2188 1121 2240 Auser,
1158 2190 1328 2232 Domine,
1358 2194 1605 2238 opprobrium
1641 2196 1771 2231 talium

992 2236 1188 2271 hominum
1232 2238 1495 2283 pestiferorum
1534 2253 1555 2277 a
1590 2242 1771 2289 religione

993 2293 1189 2319 servorum
1210 2287 1376 2322 tuorum.

1043 2333 1062 2365 5
1091 2331 1180 2373 Qun]
1231 2344 1297 2368 PER
1342 2346 1579 2372 Dffimoumcrn
1628 2349 1772 2373 MYSTICF]

997 2389 1240 2415 smmricarmz
1257 2381 1274 2415 ⁶?
1293 2400 1338 2406 -—
1357 2383 1524 2429 Mystice,
1549 2395 1614 2429 per
1632 2387 1774 2422 (1331110-

997 2425 1149 2461 niacum
1170 2426 1405 2471 significatur
1436 2431 1619 2475 diabolus,
1647 2434 1712 2478 qui
1735 2433 1774 2468 in

998 2475 1254 2526 monumentis
1287 2478 1323 2512 et
1351 2478 1557 2523 montibus,
1589 2479 1627 2515 id
1656 2484 1711 2516 est
1737 2480 1775 2516 in

997 2520 1106 2556 foedis
1131 2524 1168 2556 et
1189 2523 1361 2568 superbis
1383 2526 1527 2561 habitat
1545 2526 1773 2564 hominibus-

958 2593 960 2604 .
999 2569 1143 2604 Nomen
1167 2569 1247 2615 ejus
1263 2571 1374 2615 Leyz‘o
1395 2572 1544 2619 dicitur,
1567 2574 1655 2619 quia
1677 2575 1773 2611 mul-

1001 2613 1048 2650 tis
1073 2615 1111 2650 in
1132 2617 1272 2652 malum
1292 2619 1521 2663 associatum
1546 2622 1628 2667 eJus
1649 2626 1776 2658 autem

1003 2662 1137 2709 eiectio
1155 2675 1221 2710 per
1242 2665 1430 2702 Christum
1454 2667 1678 2714 significavit
1699 2669 1778 2705 dae-

1002 2720 1158 2763 monum
1192 2712 1471 2749 multitudinem
1506 2716 1777 2751 devincendam

1002 2766 1070 2809 per
1094 2768 1241 2803 ipsum..
1272 2761 1380 2805 Leqio
1405 2771 1556 2807 quoque
1582 2763 1629 2798 ab
1655 2762 1777 2798 homi-

1001 2804 1114 2840 nibus
1138 2807 1246 2851 pulsa
1268 2818 1401 2853 porcos
1430 2807 1654 2855 ingreditur,
1689 2809 1779 2855 quia

1002 2850 1192 2889 daemones
1211 2853 1259 2890 ab
1278 2854 1351 2890 illis
1378 2855 1442 2901 qui
1463 2856 1510 2891 ad
1533 2856 1646 2891 vitam
1671 2860 1778 2891 aeter-
