1894 3186
420 203 472 236 DE
510 203 749 238 PATIENTIA
785 204 829 238 IN
866 204 1089 239 ADVERSIS
1128 204 1351 240 HABENDA.
1667 210 1705 245 5!

72 278 215 315 luntate
235 279 362 312 tamen
385 274 538 319 aeqnalis
562 277 630 309 est.
644 274 734 310 Nam
755 275 853 311 sicut

72 325 141 362 iste
160 323 246 360 ideo
265 333 391 369 passus
413 324 479 363 est,
504 332 547 356 ne
581 331 620 356 se
649 323 766 367 magis
799 322 852 358 vi-

73 372 208 409 deatur
233 381 374 413 amare,
411 379 521 414 quam
559 369 694 413 Deum3
731 370 780 405 ita
817 375 854 406 et

74 418 136 456 ille
159 419 243 454 ideo
262 418 356 464 fugit
393 427 438 450 nc
462 415 578 450 victus
600 415 636 450 in
661 416 853 453 doloribus

71 466 288 503 thesaurum
356 462 647 499 Christianitatis
693 464 853 501 amittat.

72 515 150 551 Hoc
171 518 295 548 autent
316 512 484 553 mandat,
507 521 579 546 non
604 514 643 545 ut
663 512 724 558 qni
747 516 856 548 stete-

71 562 135 607 rit,
163 564 311 608 peccet:
340 559 401 593 sed
428 563 468 593 ut
509 558 570 603 qui
594 558 744 603 sugerit,
782 570 856 595 non

70 613 211 656 peccet.
241 606 452 642 lnfirmitati
476 606 650 640 hnmanae
680 608 855 651 consulit,

69 667 147 693 non
165 654 250 691 fidei
276 654 515 698 promptioris
532 654 708 689 virtutem
727 654 831 689 exclu
845 675 853 679 -

69 704 137 740 dit.
162 703 325 738 Dicimus
347 704 471 736 antem
491 700 536 735 ad
559 702 855 737 consolationem

68 750 293 798 fugientium
328 748 651 796 Christianorum:
676 750 855 794 quoniam

68 802 169 835 stare
191 797 341 843 quidem
365 796 470 830 forts
489 795 574 829 tidei
597 800 654 830 est
676 807 684 840 ;
709 806 855 839 magnae

67 849 195 883 autem
229 843 463 879 humilitatis.
505 842 633 887 sugere
672 857 680 879 :
722 856 740 876 ))
774 844 855 879 haee

70 892 358 937 chrysostomus.
404 890 507 925 Unde
547 895 583 925 et
621 892 809 934 Remigius
842 906 850 927 z

71 955 86 975 «i
112 940 214 977 Sicut
251 944 477 983 praeceptum
520 939 781 980 perseverandi
816 938 852 974 in

68 986 391 1034 persecutionibus
424 983 636 1029 specialiter
670 986 716 1020 ad
751 986 851 1030 Apo-

7 1062 8 1065 *
65 1035 180 1072 stolos
204 1036 378 1080 pertinet.
406 1035 442 1067 et
465 1033 510 1067 ad
545 1042 676 1068 corum
710 1043 852 1067 succes-

67 1091 171 1119 sores
188 1084 286 1116 viros
307 1081 440 1123 sortem
464 1080 516 1114 sie
538 1079 687 1115 licentia
709 1080 851 1126 fugien-

68 1130 105 1166 di
148 1130 238 1165 satis
263 1129 438 1163 couvi-nit
478 1127 634 1161 infirmis
681 1127 717 1162 in
760 1127 845 1164 fide.

67 1177 230 1214 Cuilibet
257 1176 522 1211 condescendit
545 1176 630 1220 pins
658 1175 846 1220 Magister,

65 1234 113 1261 ne
138 1224 168 1259 si
191 1234 228 1258 se
251 1224 347 1257 ultro
372 1223 418 1256 ad
449 1222 668 1267 martyrium
694 1221 848 1257 obtulis-

63 1273 161 1316 sent,
182 1270 350 1305 fortassis
375 1270 481 1314 positi
502 1269 539 1303 in
561 1270 759 1304 tormentis
779 1280 848 1304 ne-

63 1322 219 1367 garent;
242 1317 357 1352 multo
380 1317 477 1351 enini
506 1315 620 1351 levius
641 1321 721 1351 erat
746 1316 848 1362 fuge-

63 1376 105 1403 re
126 1376 238 1412 quarn
259 1364 493 1407 negare.S‹·d
516 1365 684 1407 quamvis
703 1364 848 1409 fugien-

64 1412 112 1451 do
135 1414 309 1459 pert'ectae
344 1411 430 1446 fidei
461 1411 708 1446 constantiam
739 1412 775 1446 in
808 1422 846 1446 se

64 1471 139 1497 non
164 1461 420 1503 ostendi—rent,
438 1464 561 1493 tamen
582 1459 700 1504 magis
722 1458 847 1493 meriti

64 1511 185 1551 erant,
223 1506 401 1553 quonium
432 1507 558 1541 omnia
597 1516 662 1550 pro
699 1506 847 1541 Christo

63 1556 187 1602 parati
208 1559 316 1590 erant
351 1556 522 1589 deserere
557 1553 745 1598 fugiendo.
770 1554 846 1588 Nisi

62 1605 189 1638 autem
208 1603 280 1636 illis
298 1602 485 1636 licentiam
521 1599 687 1645 fugiendi
722 1600 845 1635 dedis-

60 1653 132 1694 set,
155 1649 325 1684 dicerent
345 1659 408 1682 eos
436 1648 551 1692 aliqui
586 1646 728 1682 alienos
767 1658 845 1682 esse

61 1706 85 1733 a
106 1697 227 1742 gloria
247 1696 351 1737 reg-ni
374 1696 532 1729 coelestts
555 1708 562 1730 2
592 1707 608 1727 »
628 1695 708 1729 haec
729 1696 848 1731 Remi-

63 1745 160 1790 qiuS.
181 1743 250 1779 Ubi
274 1743 471 1777 sciendum
506 1742 606 1786 qnod
635 1743 845 1786 persecutio

61 1790 264 1836 aliquando
300 1793 356 1824 est
390 1791 608 1834 personalis,
634 1793 674 1823 ut
695 1790 844 1834 quando

62 1838 146 1884 quis
168 1836 351 1883 quaeritur
388 1837 432 1871 ad
464 1842 636 1881 mortem,
660 1846 734 1871 non
757 1836 845 1882 quia

61 1885 182 1923 fidelis
209 1888 265 1920 est
297 1885 565 1929 principaliter,
594 1884 657 1918 sed
691 1888 844 1929 propter

62 1932 189 1969 odium
206 1942 378 1977 pers-»nae
401 1931 680 1974 determinatae3
697 1936 732 1965 et
754 1935 843 1966 tunc

62 1983 117 2017 est
142 1989 289 2023 semper
319 1979 552 2024 tagii-ndum,
576 1979 670 2013 sicut
703 1979 841 2014 Paulus

91 2027 304 2062 uaerebatur
329 2028 374 2060 ad
401 2030 559 2060 mortem
583 2026 619 2060 in
644 2026 838 2061 Damasco.

63 2037 168 2118 guod
189 2078 290 2118 patet
315 2084 357 2107 ex
382 2074 465 2116 boc,
488 2073 576 2118 quia
612 2073 676 2107 alii
713 2073 840 2108 lideles

63 2121 379 2168 permittebantur
399 2121 447 2155 ibi
476 2120 628 2164 pacifice
654 2121 840 2164 habitare,

63 2168 129 2205 sed
149 2169 373 2214 quaerebant
393 2168 513 2203 solum
535 2168 688 2202 Paulum
724 2168 841 2203 inter-

65 2215 192 2252 ficere.
230 2216 316 2251 Ideo
339 2216 511 2250 dimissus
532 2226 553 2250 a
577 2215 752 2250 fratribus
773 2225 842 2261 pcr

66 2272 231 2307 murum,
269 2264 361 2308 sugit
397 2262 692 2308 persecutionem
715 2273 842 2308 perso-

66 2311 210 2352 nalem;
239 2321 313 2345 non
336 2311 501 2345 timendo
528 2311 840 2354 persecutionem,

67 2358 132 2394 sed
172 2357 293 2402 potins
349 2358 587 2402 declinando,
633 2360 673 2392 ut
716 2358 843 2392 multis

68 2404 274 2452 prodesset.
307 2405 432 2449 ltaque
467 2415 539 2439 non
581 2408 633 2440 est
667 2405 842 2449 imperfe-

69 2451 203 2489 ctionis
244 2451 386 2497 fugere,
413 2452 618 2487 secundum
657 2452 844 2487 dictamen

71 2502 182 2535 rectae
203 2500 372 2541 muniis,
400 2499 446 2533 ad
468 2504 613 2544 tempus
644 2499 842 2544 salubrius,

71 2549 116 2582 ut
132 2545 294 2581 salvetur
317 2547 465 2591 lugiens
498 2547 544 2581 ad
577 2546 738 2592 majores
771 2547 844 2582 fru-

72 2597 165 2629 ctus,
184 2593 398 2638 Aliquando
438 2599 563 2629 auti-m
607 2604 682 2629 non
723 2594 843 2629 solum

73 2643 131 2676 est
151 2647 363 2686 persecutio
394 2651 582 2686 personae3
624 2641 688 2676 sed
729 2642 843 2677 etiam

72 2686 160 2723 fidei
199 2692 236 2722 et
268 2689 449 2733 justitiae‚·
486 2693 521 2723 et
554 2693 644 2723 tunc
670 2689 700 2724 si
731 2689 843 2724 homo

70 2733 250 2779 percipiat
276 2736 517 2779 probabiliter
549 2736 647 2781 quod
683 2747 726 2771 ex
756 2736 844 2781 suga

68 2791 136 2817 sua
160 2787 338 2826 sequatur
356 2785 491 2817 derisio
515 2782 600 2818 fidei
634 2787 670 2818 et
693 2784 843 2828 depres-

68 2826 122 2864 sio
137 2828 304 2875 justitiae,
327 2830 414 2876 tuga
431 2834 488 2866 est
519 2831 629 2876 mala,
651 2835 687 2866 et
709 2840 843 2876 pecca-

925 278 1004 311 tum
1028 275 1187 310 mortale
1210 286 1218 319 ;
1237 275 1266 310 si
1288 279 1413 312 antem
1434 287 1506 313 non
1526 283 1705 325 appareat

928 323 997 358 hoc
1020 323 1276 368 probabiliter.
1301 325 1363 358 sed
1404 324 1519 367 inagis
1553 332 1704 363 contra-

927 371 1039 411 rium,
1063 374 1204 414 utpote.
1226 372 1316 415 qnia
1335 382 1374 405 ex
1397 371 1483 415 luga
1501 374 1563 409 tali
1586 378 1705 418 potest

927 417 1015 452 alibi
1036 417 1115 452 fieri
1149 417 1288 452 utilitas
1320 419 1506 463 Eiri=lesize‚
1528 432 1570 455 ex
1599 432 1705 457 man-

928 465 1034 499 sione
1054 469 1177 500 antem
1205 475 1278 500 non
1300 466 1470 507 liabetur,
1495 468 1564 503 nisi
1601 470 1705 504 occi-

929 512 982 547 sio
1008 511 1263 547 ministrorum
1291 514 1476 555 Ecclesioe,
1498 519 1533 549 vt
1552 516 1705 551 concul-

929 560 1025 595 catio
1047 559 1289 594 articulorum
1323 560 1408 595 liilei
1439 562 1485 596 ab
1510 562 1705 599 obstinatis

928 606 1157 650 infidelibus,
1196 612 1282 642 tnnc
1327 612 1382 643 est
1417 608 1634 653 fugiendum
1669 614 1706 646 et

929 655 1016 689 alibi
1052 655 1323 699 proficiendnm
1348 667 1356 690 :
1393 656 1456 700 qui
1494 657 1594 691 enim
1630 667 1707 693 non

929 706 1048 747 potest
1068 702 1104 736 in
1128 713 1200 737 uno
1224 703 1303 738 loro
1323 704 1516 747 prolicere,
1537 705 1646 739 debet
1661 704 1709 740 ad

928 748 1041 784 alium
1062 751 1235 785 transire.
1255 751 1356 785 Unde
1380 749 1431 785 sic
1455 750 1507 785 ait
1529 752 1710 795 Augusti-

927 807 995 831 nus
1014 808 1022 832 :
1047 810 1064 829 «
1083 798 1236 832 Faciant
1253 808 1341 841 vrgo
1353 799 1447 833 servi
1462 799 1595 833 Christi
1611 799 1710 844 quod

928 845 1106 889 praecepit
1138 845 1191 878 vel
1224 845 1408 888 pei-misit,
1431 846 1526 880 sicut
1554 847 1629 890 ipse
1652 846 1710 882 fu-

926 892 980 936 git
1007 892 1041 926 in
1064 893 1261 938 AEgyptuni
1306 893 1466 938 Fugiant
1488 894 1640 928 omnino
1663 893 1709 929 de

927 940 1075 975 civitate
1110 942 1145 974 in
1169 941 1370 977 civitatem,
1402 942 1551 984 quando
1577 950 1708 976 eorum

925 987 1122 1031 qnisquam
1142 986 1353 1032 specii-iliter
1370 998 1390 1021 a
1407 988 1708 1032 persecutoribus

925 1035 1126 1079 quaeritur;
1171 1037 1210 1069 ut
1243 1036 1289 1069 ab
1325 1035 1421 1078 aliis,
1457 1036 1520 1079 qui
1550 1046 1621 1069 non
1655 1034 1708 1071 ita

924 1086 1158 1126 quaeruntnr,
1190 1093 1263 1116 non
1295 1082 1490 1116 deseratur
1525 1081 1705 1126 Ecclesia,

923 1130 988 1163 sed
1011 1129 1202 1172 praelieant
1223 1128 1361 1163 ribaria
1386 1131 1585 1172 cumei-vis,
1608 1139 1704 1175 quos

922 1176 1033 1211 aliter
1070 1177 1194 1210 vivere
1241 1187 1312 1209 non
1355 1187 1476 1219 posse⁷
1516 1176 1704 1213 noverint.

924 1223 1016 1259 Cum
1053 1227 1178 1257 autem
1202 1222 1384 1265 oninium,
1410 1224 1444 1258 id
1478 1230 1532 1257 cst
1556 1224 1703 1267 Episco-

923 1280 1070 1315 porum,
1104 1271 1330 1305 clericorum
1367 1275 1404 1305 et
1438 1270 1618 1305 laicorum
1649 1274 1705 1306 est

922 1328 1123 1352 commune
1148 1319 1369 1362 perii-ulum,
1394 1318 1430 1353 hi
1454 1319 1517 1363 «ciui
1540 1317 1623 1353 aliis
1646 1318 1705 1353 in-

924 1365 1066 1410 digent,
1079 1376 1152 1399 non
1176 1364 1552 1400 d›·s‹=i·antn1·abaliis
1568 1365 1705 1410 quihus

923 1411 1107 1455 indigent.
1141 1413 1214 1447 Aut
1248 1412 1362 1457 igitur
1383 1413 1429 1447 ad
1458 1413 1537 1447 loca
1563 1412 1707 1448 munita

922 1470 1052 1494 omnes
1075 1464 1288 1494 transeant:
1312 1463 1376 1493 aut
1397 1459 1459 1504 qui
1482 1460 1622 1494 habi-nt
1642 1470 1706 1495 ne·

923 1507 1134 1541 cessitatem
1153 1508 1386 1541 remanendi.
1402 1517 1474 1541 non
1493 1506 1706 1552 relinquan-

921 1558 983 1588 tur
1002 1554 1048 1588 ab
1071 1554 1135 1596 eis,
1155 1565 1220 1598 per
1243 1565 1335 1598 qnos
1358 1554 1504 1588 illorum
1527 1554 1704 1590 Ecclesia-

919 1600 1012 1636 stica
1033 1602 1243 1646 supplenda
1263 1604 1319 1635 est
1338 1602 1533 1635 necessitas
1557 1611 1565 1636 ε
1584 1605 1623 1636 ut
1642 1601 1700 1636 vel

920 1648 1062 1693 pariter
1098 1648 1237 1689 vivant,
1265 1648 1319 1681 vel
1345 1647 1484 1693 pariter
1516 1648 1700 1684 sufferant

920 1695 1019 1740 quod
1041 1706 1102 1730 eos
1125 1695 1392 1739 paterfamilias
1424 1696 1523 1730 volet
1546 1696 1620 1739 pati
1643 1707 1652 1731 ε
1675 1707 1695 1729 »

919 1743 999 1777 haec
1023 1742 1266 1786 Auyustinus.
1304 1743 1374 1777 Sed
1405 1753 1449 1776 ne
1485 1742 1654 1778 dicerent
1690 1753 1698 1778 :

918 1788 1060 1825 Jnssisti
1106 1801 1151 1824 ne
1172 1791 1217 1824 ad
1256 1790 1392 1824 Gentes
1414 1790 1565 1826 iremus.
1606 1789 1696 1835 quid

918 1847 1007 1882 ergo
1027 1836 1222 1878 faciemus,
1244 1848 1270 1870 si
1295 1847 1425 1872 omnes
1447 1836 1615 1872 civitates
1636 1838 1698 1873 Ju-

918 1884 1009 1919 daeae
1046 1884 1358 1928 cireuniierimus,
1396 1888 1432 1918 et
1467 1894 1535 1919 nos
1556 1885 1701 1929 abjece-

918 1932 1025 1967 rint?
1063 1934 1137 1967 Hoc
1164 1933 1357 1976 praevenit,
1397 1932 1497 1966 bunc
1523 1932 1701 1967 timorem

918 1980 1159 2022 removendo,
1179 1979 1304 2014 dici—ns
1328 1994 1335 2014 ε
1358 1979 1475 2013 Amen
1488 1978 1697 2024 dicovobis‚

915 2037 987 2060 non.
1022 2027 1320 2062 consummabitis
1359 2027 1526 2061 civitates
1567 2027 1697 2071 Israel,

917 2073 1158 2117 praedit-ando
1179 2073 1321 2108 scilicet
1341 2073 1392 2108 ibi
1413 2074 1618 2108 adventum
1640 2075 1699 2110 vel

917 2120 1028 2156 fidem
1052 2120 1201 2158 Christi,
1225 2121 1335 2156 donec
1353 2122 1477 2155 veniat
1500 2121 1617 2155 Filius
1641 2122 1701 2157 ho-

916 2168 1040 2210 minis,
1064 2170 1293 2212 resurgendo
1320 2168 1461 2203 scilicet
1483 2178 1502 2202 a
1527 2171 1701 2212 mortffls,

917 2216 1005 2261 quia
1033 2216 1253 2250 denuntiato
1274 2216 1439 2250 adventu
1466 2214 1617 2259 Christi,
1650 2216 1696 2251 ab

918 2263 1103 2308 Apostolis
1128 2273 1193 2306 per
1212 2264 1382 2297 civitates
1397 2262 1549 2299 Judaeae.
1568 2264 1698 2299 imme-

917 2311 1017 2346 diate
1038 2320 1166 2354 passus
1189 2313 1243 2344 e÷t
1270 2310 1437 2344 Christus
1470 2315 1507 2344 et
1537 2320 1559 2345 a
1594 2319 1699 2345 mor-

918 2358 988 2393 tuis
1024 2367 1252 2402 resurg‹·ns,
1287 2358 1461 2402 apparuit
1495 2356 1697 2403 discipulis.

918 2405 1022 2440 Unde
1045 2405 1218 2440 Rabanus
1241 2418 1248 2439 :
1274 2418 1286 2435 i<
1315 2404 1486 2439 Praeilicit
1506 2406 1605 2449 quod
1623 2415 1698 2440 non

917 2457 1007 2488 ante
1038 2451 1367 2496 praedicationibus
1402 2451 1476 2486 suis
1503 2453 1549 2486 ad
1583 2451 1697 2487 fidem

918 2499 1168 2544 perducerent
1213 2500 1382 2534 civitates
1428 2499 1556 2541 Israel,
1594 2498 1695 2544 quod

917 2547 1143 2582 resurrectio
1166 2546 1313 2581 Domini
1336 2546 1447 2581 tuerit
1468 2549 1695 2591 perpetrata,

918 2597 954 2628 et
990 2597 1068 2628 toto
1104 2593 1194 2628 orbe
1235 2596 1421 2628 terrarum
1466 2592 1696 2638 praedicandi

917 2641 1160 2686 Evangelium
1183 2645 1347 2684 potestas
1368 2651 1556 2675 concessa.
1577 2653 1592 2672 »
1618 2638 1693 2683 Vel,

917 2687 947 2723 si
967 2687 1196 2733 intelligatur
1228 2690 1272 2722 de
1298 2691 1461 2722 adventu
1488 2687 1623 2722 Christi
1647 2687 1695 2721 ad

913 2733 1110 2780 judicium,
1139 2738 1226 2769 tunc
1253 2734 1498 2779 intelIIgenda
1524 2737 1580 2769 est
1607 2743 1694 2768 con-

918 2782 1116 2817 summatio
1134 2782 1412 2828 praedicationis
1430 2781 1693 2827 Apostolorum

916 2839 984 2876 per
1012 2832 1131 2865 totum
1158 2830 1302 2873 orbem,
1332 2832 1512 2875 quantum
1539 2828 1586 2863 ad
1611 2837 1694 2863 con-
