<?xml version="1.0" encoding="UTF-8"?>
<!DOCTYPE html PUBLIC "-//W3C//DTD XHTML 1.0 Transitional//EN"
    "http://www.w3.org/TR/xhtml1/DTD/xhtml1-transitional.dtd">
<html xmlns="http://www.w3.org/1999/xhtml" xml:lang="en" lang="en">
 <head>
  <title>
</title>
<meta http-equiv="Content-Type" content="text/html;charset=utf-8" />
  <meta name='ocr-system' content='tesseract 3.04.00' />
  <meta name='ocr-capabilities' content='ocr_page ocr_carea ocr_par ocr_line ocrx_word'/>
</head>
<body>
  <div class='ocr_page' id='page_1' title='image "./vitajesuchristie02ludouoft_0107.png"; bbox 0 0 1894 3186; ppageno 0'>
   <div class='ocr_carea' id='block_1_1' title="bbox 212 216 1703 255">
    <p class='ocr_par' dir='ltr' id='par_1_1' title="bbox 212 216 1703 255">
     <span class='ocr_line' id='line_1_1' title="bbox 212 216 1703 255; baseline -0.003 0"><span class='ocrx_word' id='word_1_1' title='bbox 212 222 265 255; x_wconf 87' lang='lat' dir='ltr'>DE</span> <span class='ocrx_word' id='word_1_2' title='bbox 304 217 586 254; x_wconf 82' lang='lat' dir='ltr'>REVERSIONE</span> <span class='ocrx_word' id='word_1_3' title='bbox 622 217 777 251; x_wconf 82' lang='lat' dir='ltr'><strong>APOST.</strong></span> <span class='ocrx_word' id='word_1_4' title='bbox 816 218 861 251; x_wconf 73' lang='lat' dir='ltr'>AC</span> <span class='ocrx_word' id='word_1_5' title='bbox 898 216 1114 251; x_wconf 84' lang='lat' dir='ltr'>MISSIONE</span> <span class='ocrx_word' id='word_1_6' title='bbox 1154 216 1285 249; x_wconf 83' lang='lat' dir='ltr'>LXXII</span> <span class='ocrx_word' id='word_1_7' title='bbox 1326 217 1544 251; x_wconf 81' lang='lat' dir='ltr'>DISCIPUL.</span> <span class='ocrx_word' id='word_1_8' title='bbox 1664 217 1703 252; x_wconf 84' lang='lat'>99</span> 
     </span>
    </p>
   </div>
   <div class='ocr_carea' id='block_1_2' title="bbox 61 286 856 1945">
    <p class='ocr_par' dir='ltr' id='par_1_2' title="bbox 61 286 856 1945">
     <span class='ocr_line' id='line_1_2' title="bbox 69 286 848 333; baseline -0.01 -4"><span class='ocrx_word' id='word_1_9' title='bbox 69 291 280 329; x_wconf 81' lang='lat' dir='ltr'>humilitas:</span> <span class='ocrx_word' id='word_1_10' title='bbox 315 299 398 325; x_wconf 90' lang='lat' dir='ltr'>cum</span> <span class='ocrx_word' id='word_1_11' title='bbox 425 298 529 333; x_wconf 85' lang='lat' dir='ltr'>ergO,</span> <span class='ocrx_word' id='word_1_12' title='bbox 551 297 663 332; x_wconf 89' lang='lat' dir='ltr'>quam</span> <span class='ocrx_word' id='word_1_13' title='bbox 692 286 848 332; x_wconf 89' lang='lat' dir='ltr'>quisque</span> 
     </span>
     <span class='ocr_line' id='line_1_3' title="bbox 68 333 848 383; baseline -0.009 -6"><span class='ocrx_word' id='word_1_14' title='bbox 68 341 220 381; x_wconf 86' lang='lat' dir='ltr'>habeat,</span> <span class='ocrx_word' id='word_1_15' title='bbox 260 334 509 383; x_wconf 70' lang='lat' dir='ltr'>cognoscitur,</span> <span class='ocrx_word' id='word_1_16' title='bbox 550 333 742 369; x_wconf 89' lang='lat' dir='ltr'>invenitur</span> <span class='ocrx_word' id='word_1_17' title='bbox 779 335 848 370; x_wconf 92' lang='lat' dir='ltr'>sub</span> 
     </span>
     <span class='ocr_line' id='line_1_4' title="bbox 68 381 850 433; baseline -0.012 -9"><span class='ocrx_word' id='word_1_18' title='bbox 68 397 141 433; x_wconf 88' lang='lat' dir='ltr'>quo</span> <span class='ocrx_word' id='word_1_19' title='bbox 166 396 256 431; x_wconf 85' lang='lat' dir='ltr'>rege</span> <span class='ocrx_word' id='word_1_20' title='bbox 282 384 435 425; x_wconf 81' lang='lat' dir='ltr'>militet;</span> <span class='ocrx_word' id='word_1_21' title='bbox 464 381 721 427; x_wconf 81' lang='lat' dir='ltr'>unusquisque</span> <span class='ocrx_word' id='word_1_22' title='bbox 748 381 850 416; x_wconf 91' lang='lat' dir='ltr'>enim</span> 
     </span>
     <span class='ocr_line' id='line_1_5' title="bbox 67 427 847 481; baseline -0.01 -10"><span class='ocrx_word' id='word_1_23' title='bbox 67 433 172 481; x_wconf 82' lang='lat' dir='ltr'>quasi</span> <span class='ocrx_word' id='word_1_24' title='bbox 187 431 387 479; x_wconf 78' lang='lat' dir='ltr'>quemdam</span> <span class='ocrx_word' id='word_1_25' title='bbox 402 428 552 464; x_wconf 89' lang='lat' dir='ltr'>titulum</span> <span class='ocrx_word' id='word_1_26' title='bbox 569 432 695 474; x_wconf 85' lang='lat' dir='ltr'>portat</span> <span class='ocrx_word' id='word_1_27' title='bbox 709 427 847 474; x_wconf 89' lang='lat' dir='ltr'>operis,</span> 
     </span>
     <span class='ocr_line' id='line_1_6' title="bbox 65 476 852 528; baseline -0.009 -11"><span class='ocrx_word' id='word_1_28' title='bbox 65 491 138 528; x_wconf 86' lang='lat' dir='ltr'>quo</span> <span class='ocrx_word' id='word_1_29' title='bbox 159 480 265 517; x_wconf 81' lang='lat' dir='ltr'>facile</span> <span class='ocrx_word' id='word_1_30' title='bbox 286 477 459 514; x_wconf 89' lang='lat' dir='ltr'>ostendat</span> <span class='ocrx_word' id='word_1_31' title='bbox 482 477 552 512; x_wconf 88' lang='lat' dir='ltr'>sub</span> <span class='ocrx_word' id='word_1_32' title='bbox 586 476 692 522; x_wconf 84' lang='lat' dir='ltr'>cujus</span> <span class='ocrx_word' id='word_1_33' title='bbox 713 476 852 511; x_wconf 84' lang='lat' dir='ltr'>serviat</span> 
     </span>
     <span class='ocr_line' id='line_1_7' title="bbox 66 524 850 574; baseline -0.009 -10"><span class='ocrx_word' id='word_1_34' title='bbox 66 531 249 574; x_wconf 83' lang='lat' dir='ltr'>potestate</span> <span class='ocrx_word' id='word_1_35' title='bbox 261 529 436 562; x_wconf 75' lang='lat' dir='ltr'>rectoris:</span> <span class='ocrx_word' id='word_1_36' title='bbox 453 539 469 554; x_wconf 67' lang='lat' dir='ltr'>n</span> <span class='ocrx_word' id='word_1_37' title='bbox 483 524 564 559; x_wconf 82' lang='lat' dir='ltr'>haec</span> <span class='ocrx_word' id='word_1_38' title='bbox 579 524 786 567; x_wconf 67' lang='lat' dir='ltr'>Grryorius.</span> <span class='ocrx_word' id='word_1_39' title='bbox 806 525 850 558; x_wconf 91' lang='lat' dir='ltr'>Et</span> 
     </span>
     <span class='ocr_line' id='line_1_8' title="bbox 64 572 851 613; baseline -0.008 -1"><span class='ocrx_word' id='word_1_40' title='bbox 64 575 229 613; x_wconf 87' lang='lat' dir='ltr'>breviter</span> <span class='ocrx_word' id='word_1_41' title='bbox 263 573 351 609; x_wconf 84' lang='lat' dir='ltr'>dicit</span> <span class='ocrx_word' id='word_1_42' title='bbox 386 572 620 609; x_wconf 70' lang='lat' dir='ltr'>Cassiodorus</span> <span class='ocrx_word' id='word_1_43' title='bbox 651 582 659 606; x_wconf 88' lang='lat'>:</span> <span class='ocrx_word' id='word_1_44' title='bbox 691 572 851 606; x_wconf 88' lang='lat' dir='ltr'>«Tanta</span> 
     </span>
     <span class='ocr_line' id='line_1_9' title="bbox 64 617 848 663; baseline -0.009 -4"><span class='ocrx_word' id='word_1_45' title='bbox 64 622 134 659; x_wconf 82' lang='lat' dir='ltr'>suit</span> <span class='ocrx_word' id='word_1_46' title='bbox 150 622 187 658; x_wconf 91' lang='lat' dir='ltr'>in</span> <span class='ocrx_word' id='word_1_47' title='bbox 210 625 341 657; x_wconf 89' lang='lat' dir='ltr'>sancta</span> <span class='ocrx_word' id='word_1_48' title='bbox 362 619 623 655; x_wconf 88' lang='lat' dir='ltr'>Iucarnatione</span> <span class='ocrx_word' id='word_1_49' title='bbox 641 617 848 663; x_wconf 75' lang='lat' dir='ltr'>humilitas,</span> 
     </span>
     <span class='ocr_line' id='line_1_10' title="bbox 65 665 849 716; baseline -0.009 -9"><span class='ocrx_word' id='word_1_50' title='bbox 65 673 206 716; x_wconf 86' lang='lat' dir='ltr'>quanta</span> <span class='ocrx_word' id='word_1_51' title='bbox 219 673 276 705; x_wconf 90' lang='lat' dir='ltr'>est</span> <span class='ocrx_word' id='word_1_52' title='bbox 295 669 332 703; x_wconf 89' lang='lat' dir='ltr'>in</span> <span class='ocrx_word' id='word_1_53' title='bbox 348 666 542 703; x_wconf 81' lang='lat' dir='ltr'>divinitate</span> <span class='ocrx_word' id='word_1_54' title='bbox 561 665 849 712; x_wconf 84' lang='lat' dir='ltr'>incomprehen-</span> 
     </span>
     <span class='ocr_line' id='line_1_11' title="bbox 64 713 850 762; baseline -0.008 -9"><span class='ocrx_word' id='word_1_55' title='bbox 64 717 184 754; x_wconf 88' lang='lat' dir='ltr'>sibilis</span> <span class='ocrx_word' id='word_1_56' title='bbox 223 717 414 762; x_wconf 76' lang='lat' dir='ltr'>maJ&#39;estas.</span> <span class='ocrx_word' id='word_1_57' title='bbox 441 729 459 747; x_wconf 89' lang='lat'>»</span> <span class='ocrx_word' id='word_1_58' title='bbox 488 713 591 759; x_wconf 82' lang='lat' dir='ltr'>Elige</span> <span class='ocrx_word' id='word_1_59' title='bbox 617 724 706 759; x_wconf 89' lang='lat' dir='ltr'>ergo</span> <span class='ocrx_word' id='word_1_60' title='bbox 730 713 850 757; x_wconf 87' lang='lat' dir='ltr'>magis</span> 
     </span>
     <span class='ocr_line' id='line_1_12' title="bbox 65 760 850 810; baseline -0.009 -9"><span class='ocrx_word' id='word_1_61' title='bbox 65 765 133 801; x_wconf 90' lang='lat' dir='ltr'>sub</span> <span class='ocrx_word' id='word_1_62' title='bbox 165 766 265 810; x_wconf 86' lang='lat' dir='ltr'>Rege</span> <span class='ocrx_word' id='word_1_63' title='bbox 298 763 396 807; x_wconf 76' lang='lat' dir='ltr'>coeli,</span> <span class='ocrx_word' id='word_1_64' title='bbox 424 772 536 808; x_wconf 90' lang='lat' dir='ltr'>quam</span> <span class='ocrx_word' id='word_1_65' title='bbox 574 761 644 797; x_wconf 86' lang='lat' dir='ltr'>sub</span> <span class='ocrx_word' id='word_1_66' title='bbox 683 760 850 806; x_wconf 74' lang='lat' dir='ltr'>principe</span> 
     </span>
     <span class='ocr_line' id='line_1_13' title="bbox 65 807 850 853; baseline -0.006 -6"><span class='ocrx_word' id='word_1_67' title='bbox 65 811 196 848; x_wconf 87' lang='lat' dir='ltr'>mundi</span> <span class='ocrx_word' id='word_1_68' title='bbox 229 811 411 853; x_wconf 83' lang='lat' dir='ltr'>militare3</span> <span class='ocrx_word' id='word_1_69' title='bbox 446 813 482 845; x_wconf 90' lang='lat' dir='ltr'>et</span> <span class='ocrx_word' id='word_1_70' title='bbox 523 807 641 853; x_wconf 49' lang='lat' dir='ltr'>magis¹</span> <span class='ocrx_word' id='word_1_71' title='bbox 679 809 746 843; x_wconf 89' lang='lat' dir='ltr'>sub</span> <span class='ocrx_word' id='word_1_72' title='bbox 785 807 850 842; x_wconf 90' lang='lat' dir='ltr'>Dei</span> 
     </span>
     <span class='ocr_line' id='line_1_14' title="bbox 66 854 849 905; baseline -0.008 -10"><span class='ocrx_word' id='word_1_73' title='bbox 66 870 178 905; x_wconf 89' lang='lat' dir='ltr'>quam</span> <span class='ocrx_word' id='word_1_74' title='bbox 203 860 269 894; x_wconf 78' lang='lat' dir='ltr'>sul]</span> <span class='ocrx_word' id='word_1_75' title='bbox 293 856 456 894; x_wconf 85' lang='lat' dir='ltr'>hominis</span> <span class='ocrx_word' id='word_1_76' title='bbox 482 858 668 902; x_wconf 78' lang='lat' dir='ltr'>potestate</span> <span class='ocrx_word' id='word_1_77' title='bbox 693 854 849 890; x_wconf 82' lang='lat' dir='ltr'>servire.</span> 
     </span>
     <span class='ocr_line' id='line_1_15' title="bbox 65 902 851 943; baseline -0.008 -1"><span class='ocrx_word' id='word_1_78' title='bbox 65 908 108 943; x_wconf 90' lang='lat' dir='ltr'>Et</span> <span class='ocrx_word' id='word_1_79' title='bbox 131 907 177 942; x_wconf 88' lang='lat' dir='ltr'>ad</span> <span class='ocrx_word' id='word_1_80' title='bbox 205 907 275 941; x_wconf 86' lang='lat' dir='ltr'>hoe</span> <span class='ocrx_word' id='word_1_81' title='bbox 311 904 523 941; x_wconf 87' lang='lat' dir='ltr'>faciendum</span> <span class='ocrx_word' id='word_1_82' title='bbox 544 906 632 938; x_wconf 88' lang='lat' dir='ltr'>nota</span> <span class='ocrx_word' id='word_1_83' title='bbox 666 902 726 937; x_wconf 81' lang='lat' dir='ltr'>liic</span> <span class='ocrx_word' id='word_1_84' title='bbox 760 902 851 937; x_wconf 88' lang='lat' dir='ltr'>utile</span> 
     </span>
     <span class='ocr_line' id='line_1_16' title="bbox 65 949 851 999; baseline -0.009 -9"><span class='ocrx_word' id='word_1_85' title='bbox 65 954 275 999; x_wconf 87' lang='lat' dir='ltr'>exemplum</span> <span class='ocrx_word' id='word_1_86' title='bbox 327 954 417 989; x_wconf 89' lang='lat' dir='ltr'>Cum</span> <span class='ocrx_word' id='word_1_87' title='bbox 442 950 543 986; x_wconf 90' lang='lat' dir='ltr'>enim</span> <span class='ocrx_word' id='word_1_88' title='bbox 570 949 721 995; x_wconf 85' lang='lat' dir='ltr'>quidam</span> <span class='ocrx_word' id='word_1_89' title='bbox 744 949 851 984; x_wconf 86' lang='lat' dir='ltr'>miles</span> 
     </span>
     <span class='ocr_line' id='line_1_17' title="bbox 65 996 852 1043; baseline -0.006 -7"><span class='ocrx_word' id='word_1_90' title='bbox 65 1001 217 1037; x_wconf 91' lang='lat' dir='ltr'>domino</span> <span class='ocrx_word' id='word_1_91' title='bbox 233 1011 312 1043; x_wconf 87' lang='lat' dir='ltr'>suo,</span> <span class='ocrx_word' id='word_1_92' title='bbox 326 999 466 1035; x_wconf 86' lang='lat' dir='ltr'>seilicet</span> <span class='ocrx_word' id='word_1_93' title='bbox 484 997 631 1033; x_wconf 88' lang='lat' dir='ltr'>cuidam</span> <span class='ocrx_word' id='word_1_94' title='bbox 645 996 852 1032; x_wconf 75' lang='lat' dir='ltr'>Marchioni</span> 
     </span>
     <span class='ocr_line' id='line_1_18' title="bbox 65 1044 851 1084; baseline -0.006 -1"><span class='ocrx_word' id='word_1_95' title='bbox 65 1048 262 1084; x_wconf 90' lang='lat' dir='ltr'>militando</span> <span class='ocrx_word' id='word_1_96' title='bbox 284 1047 349 1083; x_wconf 90' lang='lat' dir='ltr'>diu</span> <span class='ocrx_word' id='word_1_97' title='bbox 382 1047 429 1082; x_wconf 88' lang='lat' dir='ltr'>ad</span> <span class='ocrx_word' id='word_1_98' title='bbox 456 1045 686 1080; x_wconf 85' lang='lat' dir='ltr'>voluntatem</span> <span class='ocrx_word' id='word_1_99' title='bbox 723 1044 851 1079; x_wconf 87' lang='lat' dir='ltr'>deser-</span> 
     </span>
     <span class='ocr_line' id='line_1_19' title="bbox 64 1091 851 1139; baseline -0.006 -8"><span class='ocrx_word' id='word_1_100' title='bbox 64 1095 193 1139; x_wconf 90' lang='lat' dir='ltr'>visset,</span> <span class='ocrx_word' id='word_1_101' title='bbox 231 1095 383 1130; x_wconf 87' lang='lat' dir='ltr'>tandem</span> <span class='ocrx_word' id='word_1_102' title='bbox 414 1093 462 1129; x_wconf 90' lang='lat' dir='ltr'>ad</span> <span class='ocrx_word' id='word_1_103' title='bbox 492 1091 764 1134; x_wconf 78' lang='lat' dir='ltr'>infirmitatem,</span> <span class='ocrx_word' id='word_1_104' title='bbox 805 1092 851 1126; x_wconf 92' lang='lat' dir='ltr'>de</span> 
     </span>
     <span class='ocr_line' id='line_1_20' title="bbox 66 1138 851 1188; baseline -0.008 -10"><span class='ocrx_word' id='word_1_105' title='bbox 66 1153 139 1188; x_wconf 86' lang='lat' dir='ltr'>qua</span> <span class='ocrx_word' id='word_1_106' title='bbox 163 1146 200 1177; x_wconf 87' lang='lat' dir='ltr'>et.</span> <span class='ocrx_word' id='word_1_107' title='bbox 229 1146 399 1180; x_wconf 81' lang='lat' dir='ltr'>mortuus</span> <span class='ocrx_word' id='word_1_108' title='bbox 427 1143 496 1182; x_wconf 83' lang='lat' dir='ltr'>est,</span> <span class='ocrx_word' id='word_1_109' title='bbox 524 1138 706 1183; x_wconf 80' lang='lat' dir='ltr'>pervenit.</span> <span class='ocrx_word' id='word_1_110' title='bbox 736 1139 851 1180; x_wconf 80' lang='lat' dir='ltr'>Quem</span> 
     </span>
     <span class='ocr_line' id='line_1_21' title="bbox 66 1185 852 1235; baseline -0.006 -10"><span class='ocrx_word' id='word_1_111' title='bbox 66 1194 102 1225; x_wconf 91' lang='lat' dir='ltr'>et</span> <span class='ocrx_word' id='word_1_112' title='bbox 122 1190 201 1235; x_wconf 80' lang='lat' dir='ltr'>ipse</span> <span class='ocrx_word' id='word_1_113' title='bbox 223 1188 388 1223; x_wconf 66' lang='lat' dir='ltr'>Marchio</span> <span class='ocrx_word' id='word_1_114' title='bbox 414 1187 451 1221; x_wconf 85' lang='lat' dir='ltr'>in</span> <span class='ocrx_word' id='word_1_115' title='bbox 481 1186 699 1220; x_wconf 84' lang='lat' dir='ltr'>infirmitate</span> <span class='ocrx_word' id='word_1_116' title='bbox 720 1185 852 1220; x_wconf 86' lang='lat' dir='ltr'>eadem</span> 
     </span>
     <span class='ocr_line' id='line_1_22' title="bbox 65 1232 853 1279; baseline -0.008 -7"><span class='ocrx_word' id='word_1_117' title='bbox 65 1236 237 1279; x_wconf 81' lang='lat' dir='ltr'>visitans,</span> <span class='ocrx_word' id='word_1_118' title='bbox 261 1233 427 1270; x_wconf 79' lang='lat' dir='ltr'>exhibuit</span> <span class='ocrx_word' id='word_1_119' title='bbox 455 1245 492 1268; x_wconf 85' lang='lat' dir='ltr'>se</span> <span class='ocrx_word' id='word_1_120' title='bbox 514 1236 686 1278; x_wconf 86' lang='lat' dir='ltr'>paratum</span> <span class='ocrx_word' id='word_1_121' title='bbox 708 1232 753 1267; x_wconf 89' lang='lat' dir='ltr'>ad</span> <span class='ocrx_word' id='word_1_122' title='bbox 776 1243 853 1266; x_wconf 88' lang='lat' dir='ltr'>om-</span> 
     </span>
     <span class='ocr_line' id='line_1_23' title="bbox 65 1279 850 1329; baseline -0.01 -8"><span class='ocrx_word' id='word_1_123' title='bbox 65 1283 129 1321; x_wconf 86' lang='lat' dir='ltr'>nia</span> <span class='ocrx_word' id='word_1_124' title='bbox 149 1294 230 1329; x_wconf 59' lang='lat' dir='ltr'>quae</span> <span class='ocrx_word' id='word_1_125' title='bbox 252 1293 319 1328; x_wconf 86' lang='lat' dir='ltr'>pro</span> <span class='ocrx_word' id='word_1_126' title='bbox 341 1293 384 1317; x_wconf 80' lang='lat' dir='ltr'>eo</span> <span class='ocrx_word' id='word_1_127' title='bbox 400 1282 522 1316; x_wconf 78' lang='lat' dir='ltr'>tacere</span> <span class='ocrx_word' id='word_1_128' title='bbox 544 1283 682 1325; x_wconf 85' lang='lat' dir='ltr'>posset,</span> <span class='ocrx_word' id='word_1_129' title='bbox 707 1279 850 1324; x_wconf 86' lang='lat' dir='ltr'>dicens,</span> 
     </span>
     <span class='ocr_line' id='line_1_24' title="bbox 66 1326 851 1377; baseline -0.008 -10"><span class='ocrx_word' id='word_1_130' title='bbox 66 1331 166 1377; x_wconf 91' lang='lat' dir='ltr'>quod</span> <span class='ocrx_word' id='word_1_131' title='bbox 189 1341 255 1366; x_wconf 90' lang='lat' dir='ltr'>nee</span> <span class='ocrx_word' id='word_1_132' title='bbox 276 1333 432 1374; x_wconf 86' lang='lat' dir='ltr'>argento</span> <span class='ocrx_word' id='word_1_133' title='bbox 454 1338 521 1374; x_wconf 88' lang='lat' dir='ltr'>pro</span> <span class='ocrx_word' id='word_1_134' title='bbox 549 1326 667 1373; x_wconf 85' lang='lat' dir='ltr'>ipsius</span> <span class='ocrx_word' id='word_1_135' title='bbox 688 1327 851 1362; x_wconf 81' lang='lat' dir='ltr'>uecessi-</span> 
     </span>
     <span class='ocr_line' id='line_1_25' title="bbox 65 1375 851 1424; baseline -0.008 -10"><span class='ocrx_word' id='word_1_136' title='bbox 65 1381 142 1414; x_wconf 89' lang='lat' dir='ltr'>tate</span> <span class='ocrx_word' id='word_1_137' title='bbox 154 1381 337 1424; x_wconf 85' lang='lat' dir='ltr'>parceret.</span> <span class='ocrx_word' id='word_1_138' title='bbox 356 1375 421 1413; x_wconf 87' lang='lat' dir='ltr'>Cui</span> <span class='ocrx_word' id='word_1_139' title='bbox 440 1375 546 1410; x_wconf 90' lang='lat' dir='ltr'>miles</span> <span class='ocrx_word' id='word_1_140' title='bbox 562 1375 701 1420; x_wconf 87' lang='lat' dir='ltr'>gratias</span> <span class='ocrx_word' id='word_1_141' title='bbox 719 1385 851 1419; x_wconf 89' lang='lat' dir='ltr'>agens,</span> 
     </span>
     <span class='ocr_line' id='line_1_26' title="bbox 66 1424 851 1471; baseline -0.008 -9"><span class='ocrx_word' id='word_1_142' title='bbox 66 1425 170 1470; x_wconf 80' lang='lat' dir='ltr'>dixit,</span> <span class='ocrx_word' id='word_1_143' title='bbox 192 1425 293 1471; x_wconf 89' lang='lat' dir='ltr'>quod</span> <span class='ocrx_word' id='word_1_144' title='bbox 315 1435 401 1460; x_wconf 88' lang='lat' dir='ltr'>eum</span> <span class='ocrx_word' id='word_1_145' title='bbox 431 1424 563 1470; x_wconf 85' lang='lat' dir='ltr'>juvare</span> <span class='ocrx_word' id='word_1_146' title='bbox 602 1433 676 1457; x_wconf 91' lang='lat' dir='ltr'>non</span> <span class='ocrx_word' id='word_1_147' title='bbox 710 1425 851 1467; x_wconf 85' lang='lat' dir='ltr'>posset,</span> 
     </span>
     <span class='ocr_line' id='line_1_27' title="bbox 67 1469 852 1519; baseline -0.008 -10"><span class='ocrx_word' id='word_1_148' title='bbox 67 1473 156 1519; x_wconf 87' lang='lat' dir='ltr'>quia</span> <span class='ocrx_word' id='word_1_149' title='bbox 176 1473 255 1519; x_wconf 88' lang='lat' dir='ltr'>ipse</span> <span class='ocrx_word' id='word_1_150' title='bbox 281 1472 488 1507; x_wconf 87' lang='lat' dir='ltr'>secundum</span> <span class='ocrx_word' id='word_1_151' title='bbox 525 1469 758 1506; x_wconf 79' lang='lat' dir='ltr'>medIcorum</span> <span class='ocrx_word' id='word_1_152' title='bbox 791 1469 852 1514; x_wconf 86' lang='lat' dir='ltr'>ju-</span> 
     </span>
     <span class='ocr_line' id='line_1_28' title="bbox 66 1516 853 1556; baseline -0.006 0"><span class='ocrx_word' id='word_1_153' title='bbox 66 1520 202 1556; x_wconf 90' lang='lat' dir='ltr'>dicium</span> <span class='ocrx_word' id='word_1_154' title='bbox 223 1519 425 1556; x_wconf 89' lang='lat' dir='ltr'>moriturus</span> <span class='ocrx_word' id='word_1_155' title='bbox 447 1521 556 1554; x_wconf 82' lang='lat' dir='ltr'>esset.</span> <span class='ocrx_word' id='word_1_156' title='bbox 588 1517 731 1553; x_wconf 82' lang='lat' dir='ltr'>Deinde</span> <span class='ocrx_word' id='word_1_157' title='bbox 753 1516 853 1551; x_wconf 90' lang='lat' dir='ltr'>idem</span> 
     </span>
     <span class='ocr_line' id='line_1_29' title="bbox 66 1564 853 1604; baseline -0.009 0"><span class='ocrx_word' id='word_1_158' title='bbox 66 1568 174 1603; x_wconf 91' lang='lat' dir='ltr'>miles</span> <span class='ocrx_word' id='word_1_159' title='bbox 211 1568 398 1604; x_wconf 79' lang='lat' dir='ltr'>advocans</span> <span class='ocrx_word' id='word_1_160' title='bbox 433 1565 542 1601; x_wconf 89' lang='lat' dir='ltr'>simul</span> <span class='ocrx_word' id='word_1_161' title='bbox 569 1564 609 1599; x_wconf 92' lang='lat' dir='ltr'>in</span> <span class='ocrx_word' id='word_1_162' title='bbox 648 1574 761 1599; x_wconf 90' lang='lat' dir='ltr'>unum</span> <span class='ocrx_word' id='word_1_163' title='bbox 784 1574 853 1598; x_wconf 90' lang='lat' dir='ltr'>no-</span> 
     </span>
     <span class='ocr_line' id='line_1_30' title="bbox 66 1610 854 1659; baseline -0.008 -8"><span class='ocrx_word' id='word_1_164' title='bbox 66 1615 174 1658; x_wconf 90' lang='lat' dir='ltr'>biles,</span> <span class='ocrx_word' id='word_1_165' title='bbox 197 1618 233 1650; x_wconf 87' lang='lat' dir='ltr'>et</span> <span class='ocrx_word' id='word_1_166' title='bbox 258 1615 364 1650; x_wconf 83' lang='lat' dir='ltr'>alios.</span> <span class='ocrx_word' id='word_1_167' title='bbox 389 1613 450 1659; x_wconf 89' lang='lat' dir='ltr'>qui</span> <span class='ocrx_word' id='word_1_168' title='bbox 476 1615 576 1648; x_wconf 83' lang='lat' dir='ltr'>circa</span> <span class='ocrx_word' id='word_1_169' title='bbox 599 1610 854 1647; x_wconf 83' lang='lat' dir='ltr'>Marchionem</span> 
     </span>
     <span class='ocr_line' id='line_1_31' title="bbox 67 1658 856 1706; baseline -0.006 -8"><span class='ocrx_word' id='word_1_170' title='bbox 67 1666 190 1706; x_wconf 87' lang='lat' dir='ltr'>erant,</span> <span class='ocrx_word' id='word_1_171' title='bbox 211 1661 408 1698; x_wconf 82' lang='lat' dir='ltr'>admonuit</span> <span class='ocrx_word' id='word_1_172' title='bbox 428 1671 507 1704; x_wconf 60' lang='grc' dir='ltr'>θος,</span> <span class='ocrx_word' id='word_1_173' title='bbox 529 1659 678 1695; x_wconf 80' lang='lat' dir='ltr'>dicens:</span> <span class='ocrx_word' id='word_1_174' title='bbox 701 1658 856 1694; x_wconf 86' lang='lat' dir='ltr'>Carissi-</span> 
     </span>
     <span class='ocr_line' id='line_1_32' title="bbox 67 1706 855 1755; baseline -0.005 -10"><span class='ocrx_word' id='word_1_175' title='bbox 67 1711 135 1754; x_wconf 88' lang='lat' dir='ltr'>mi,</span> <span class='ocrx_word' id='word_1_176' title='bbox 159 1709 247 1755; x_wconf 90' lang='lat' dir='ltr'>quia</span> <span class='ocrx_word' id='word_1_177' title='bbox 267 1708 402 1744; x_wconf 89' lang='lat' dir='ltr'>videtis</span> <span class='ocrx_word' id='word_1_178' title='bbox 426 1708 527 1753; x_wconf 90' lang='lat' dir='ltr'>quod</span> <span class='ocrx_word' id='word_1_179' title='bbox 552 1706 726 1742; x_wconf 89' lang='lat' dir='ltr'>dominus</span> <span class='ocrx_word' id='word_1_180' title='bbox 748 1716 855 1741; x_wconf 84' lang='lat' dir='ltr'>meus</span> 
     </span>
     <span class='ocr_line' id='line_1_33' title="bbox 66 1753 852 1800; baseline -0.008 -7"><span class='ocrx_word' id='word_1_181' title='bbox 66 1757 248 1800; x_wconf 85' lang='lat' dir='ltr'>Marchio,</span> <span class='ocrx_word' id='word_1_182' title='bbox 278 1756 336 1792; x_wconf 89' lang='lat' dir='ltr'>cui</span> <span class='ocrx_word' id='word_1_183' title='bbox 368 1756 430 1791; x_wconf 91' lang='lat' dir='ltr'>diu</span> <span class='ocrx_word' id='word_1_184' title='bbox 457 1756 505 1790; x_wconf 89' lang='lat' dir='ltr'>ad</span> <span class='ocrx_word' id='word_1_185' title='bbox 539 1758 671 1790; x_wconf 86' lang='lat' dir='ltr'>nutum</span> <span class='ocrx_word' id='word_1_186' title='bbox 701 1753 852 1796; x_wconf 86' lang='lat' dir='ltr'>servivi,</span> 
     </span>
     <span class='ocr_line' id='line_1_34' title="bbox 61 1801 853 1851; baseline -0.005 -11"><span class='ocrx_word' id='word_1_187' title='bbox 61 1805 141 1851; x_wconf 81' lang='lat' dir='ltr'>J&#39;am</span> <span class='ocrx_word' id='word_1_188' title='bbox 162 1815 221 1840; x_wconf 84' lang='lat' dir='ltr'>me</span> <span class='ocrx_word' id='word_1_189' title='bbox 242 1804 281 1839; x_wconf 85' lang='lat' dir='ltr'>in</span> <span class='ocrx_word' id='word_1_190' title='bbox 304 1802 526 1839; x_wconf 78' lang='lat' dir='ltr'>necessitate</span> <span class='ocrx_word' id='word_1_191' title='bbox 543 1801 704 1847; x_wconf 89' lang='lat' dir='ltr'>positum</span> <span class='ocrx_word' id='word_1_192' title='bbox 721 1802 853 1843; x_wconf 75' lang='lat' dir='ltr'>juvare</span> 
     </span>
     <span class='ocr_line' id='line_1_35' title="bbox 66 1848 854 1898; baseline -0.006 -10"><span class='ocrx_word' id='word_1_193' title='bbox 66 1863 141 1888; x_wconf 90' lang='lat' dir='ltr'>non</span> <span class='ocrx_word' id='word_1_194' title='bbox 160 1854 297 1898; x_wconf 88' lang='lat' dir='ltr'>potest⁷</span> <span class='ocrx_word' id='word_1_195' title='bbox 322 1851 491 1896; x_wconf 88' lang='lat' dir='ltr'>quamvis</span> <span class='ocrx_word' id='word_1_196' title='bbox 521 1849 633 1885; x_wconf 88' lang='lat' dir='ltr'>etiam</span> <span class='ocrx_word' id='word_1_197' title='bbox 662 1848 787 1887; x_wconf 81' lang='lat' dir='ltr'>vellet,</span> <span class='ocrx_word' id='word_1_198' title='bbox 817 1851 854 1883; x_wconf 87' lang='lat' dir='ltr'>et</span> 
     </span>
     <span class='ocr_line' id='line_1_36' title="bbox 67 1895 853 1945; baseline -0.006 -10"><span class='ocrx_word' id='word_1_199' title='bbox 67 1899 119 1935; x_wconf 85' lang='lat' dir='ltr'>sic</span> <span class='ocrx_word' id='word_1_200' title='bbox 150 1910 286 1945; x_wconf 87' lang='lat' dir='ltr'>corpus</span> <span class='ocrx_word' id='word_1_201' title='bbox 319 1903 355 1934; x_wconf 86' lang='lat' dir='ltr'>et</span> <span class='ocrx_word' id='word_1_202' title='bbox 391 1901 553 1944; x_wconf 88' lang='lat' dir='ltr'>tempus,</span> <span class='ocrx_word' id='word_1_203' title='bbox 585 1907 628 1932; x_wconf 83' lang='lat' dir='ltr'>ac</span> <span class='ocrx_word' id='word_1_204' title='bbox 659 1895 853 1931; x_wconf 70' lang='lat' dir='ltr'>servitium</span> 
     </span>
    </p>
   </div>
   <div class='ocr_carea' id='block_1_3' title="bbox 67 1943 865 1992">
    <p class='ocr_par' dir='ltr' id='par_1_3' title="bbox 67 1943 865 1992">
     <span class='ocr_line' id='line_1_37' title="bbox 67 1943 865 1992; baseline -0.006 -10"><span class='ocrx_word' id='word_1_205' title='bbox 67 1957 192 1982; x_wconf 91' lang='lat' dir='ltr'>meum</span> <span class='ocrx_word' id='word_1_206' title='bbox 206 1946 352 1992; x_wconf 79' lang='lat' dir='ltr'>perdidi</span> <span class='ocrx_word' id='word_1_207' title='bbox 364 1956 474 1989; x_wconf 79' lang='lat' dir='ltr'>vane,</span> <span class='ocrx_word' id='word_1_208' title='bbox 490 1944 589 1991; x_wconf 88' lang='lat' dir='ltr'>quod</span> <span class='ocrx_word' id='word_1_209' title='bbox 603 1954 660 1979; x_wconf 88' lang='lat' dir='ltr'>me</span> <span class='ocrx_word' id='word_1_210' title='bbox 676 1943 831 1989; x_wconf 78' lang='lat' dir='ltr'>poenItet</span> <span class='ocrx_word' id='word_1_211' title='bbox 843 1947 865 1986; x_wconf 86' lang='grc'>;’</span> 
     </span>
    </p>
   </div>
   <div class='ocr_carea' id='block_1_4' title="bbox 65 1990 857 2703">
    <p class='ocr_par' dir='ltr' id='par_1_4' title="bbox 68 1990 853 2133">
     <span class='ocr_line' id='line_1_38' title="bbox 68 1990 852 2039; baseline -0.006 -9"><span class='ocrx_word' id='word_1_212' title='bbox 68 2004 159 2039; x_wconf 85' lang='lat' dir='ltr'>rogo</span> <span class='ocrx_word' id='word_1_213' title='bbox 186 2005 252 2029; x_wconf 85' lang='lat' dir='ltr'>vos</span> <span class='ocrx_word' id='word_1_214' title='bbox 271 1997 307 2028; x_wconf 91' lang='lat' dir='ltr'>et</span> <span class='ocrx_word' id='word_1_215' title='bbox 328 1993 527 2035; x_wconf 80' lang='lat' dir='ltr'>admoneo,</span> <span class='ocrx_word' id='word_1_216' title='bbox 549 1996 589 2027; x_wconf 90' lang='lat' dir='ltr'>ut</span> <span class='ocrx_word' id='word_1_217' title='bbox 611 1990 673 2026; x_wconf 88' lang='lat' dir='ltr'>tali</span> <span class='ocrx_word' id='word_1_218' title='bbox 693 1990 852 2026; x_wconf 89' lang='lat' dir='ltr'>Domino</span> 
     </span>
     <span class='ocr_line' id='line_1_39' title="bbox 68 2038 853 2085; baseline -0.006 -8"><span class='ocrx_word' id='word_1_219' title='bbox 68 2040 250 2077; x_wconf 85' lang='lat' dir='ltr'>studeatis</span> <span class='ocrx_word' id='word_1_220' title='bbox 279 2040 433 2083; x_wconf 87' lang='lat' dir='ltr'>servire,</span> <span class='ocrx_word' id='word_1_221' title='bbox 455 2039 517 2085; x_wconf 89' lang='lat' dir='ltr'>qui</span> <span class='ocrx_word' id='word_1_222' title='bbox 539 2038 645 2074; x_wconf 87' lang='lat' dir='ltr'>vobis</span> <span class='ocrx_word' id='word_1_223' title='bbox 661 2038 700 2073; x_wconf 91' lang='lat' dir='ltr'>in</span> <span class='ocrx_word' id='word_1_224' title='bbox 724 2048 853 2073; x_wconf 87' lang='lat' dir='ltr'>neces-</span> 
     </span>
     <span class='ocr_line' id='line_1_40' title="bbox 68 2084 802 2133; baseline -0.005 -9"><span class='ocrx_word' id='word_1_225' title='bbox 68 2087 241 2125; x_wconf 85' lang='lat' dir='ltr'>sitatibus</span> <span class='ocrx_word' id='word_1_226' title='bbox 256 2087 428 2124; x_wconf 85' lang='lat' dir='ltr'>omnibus</span> <span class='ocrx_word' id='word_1_227' title='bbox 440 2085 578 2133; x_wconf 88' lang='lat' dir='ltr'>poterit</span> <span class='ocrx_word' id='word_1_228' title='bbox 592 2084 802 2121; x_wconf 86' lang='lat' dir='ltr'>subvenire.</span> 
     </span>
    </p>

    <p class='ocr_par' dir='ltr' id='par_1_5' title="bbox 65 2134 857 2703">
     <span class='ocr_line' id='line_1_41' title="bbox 121 2134 852 2175; baseline -0.005 -4"><span class='ocrx_word' id='word_1_229' title='bbox 121 2151 158 2172; x_wconf 81' lang='grc' dir='ltr'>ιι</span> <span class='ocrx_word' id='word_1_230' title='bbox 201 2136 373 2171; x_wconf 54' lang='lat' dir='ltr'>Pala-Minu</span> <span class='ocrx_word' id='word_1_231' title='bbox 422 2145 657 2170; x_wconf 78' lang='lat' dir='ltr'>SERVIENTmM</span> <span class='ocrx_word' id='word_1_232' title='bbox 694 2134 852 2175; x_wconf 69' lang='lat' dir='ltr'>Domo,</span> 
     </span>
     <span class='ocr_line' id='line_1_42' title="bbox 70 2179 853 2226; baseline -0.005 -7"><span class='ocrx_word' id='word_1_233' title='bbox 70 2195 221 2224; x_wconf 67' lang='lat' dir='ltr'>naenias</span> <span class='ocrx_word' id='word_1_234' title='bbox 252 2195 383 2219; x_wconf 75' lang='lat' dir='ltr'><strong>ANIMAE.</strong></span> <span class='ocrx_word' id='word_1_235' title='bbox 410 2203 452 2208; x_wconf 92' lang='lat'>—</span> <span class='ocrx_word' id='word_1_236' title='bbox 483 2180 626 2217; x_wconf 87' lang='lat' dir='ltr'>Deinde</span> <span class='ocrx_word' id='word_1_237' title='bbox 659 2179 853 2226; x_wconf 86' lang='lat' dir='ltr'>subjungit</span> 
     </span>
     <span class='ocr_line' id='line_1_43' title="bbox 68 2227 852 2275; baseline -0.006 -8"><span class='ocrx_word' id='word_1_238' title='bbox 68 2230 251 2267; x_wconf 82' lang='lat' dir='ltr'>Dominus</span> <span class='ocrx_word' id='word_1_239' title='bbox 286 2229 499 2275; x_wconf 73' lang='lat' dir='ltr'>praemium,</span> <span class='ocrx_word' id='word_1_240' title='bbox 535 2228 689 2264; x_wconf 89' lang='lat' dir='ltr'>dicens:</span> <span class='ocrx_word' id='word_1_241' title='bbox 726 2230 785 2269; x_wconf 61' lang='lat' dir='ltr'>Et,</span> <span class='ocrx_word' id='word_1_242' title='bbox 822 2227 852 2263; x_wconf 90' lang='lat' dir='ltr'>si</span> 
     </span>
     <span class='ocr_line' id='line_1_44' title="bbox 65 2275 852 2325; baseline -0.006 -11"><span class='ocrx_word' id='word_1_243' title='bbox 65 2279 197 2325; x_wconf 76' lang='lat' dir='ltr'>Jugum</span> <span class='ocrx_word' id='word_1_244' title='bbox 218 2277 439 2324; x_wconf 73' lang='lat' dir='ltr'>acceperitis</span> <span class='ocrx_word' id='word_1_245' title='bbox 463 2280 500 2312; x_wconf 87' lang='lat' dir='ltr'>et</span> <span class='ocrx_word' id='word_1_246' title='bbox 531 2275 738 2312; x_wconf 82' lang='lat' dir='ltr'>didiceritis</span> <span class='ocrx_word' id='word_1_247' title='bbox 762 2275 852 2310; x_wconf 88' lang='lat' dir='ltr'>obe-</span> 
     </span>
     <span class='ocr_line' id='line_1_45' title="bbox 69 2323 854 2369; baseline -0.004 -8"><span class='ocrx_word' id='word_1_248' title='bbox 69 2325 222 2369; x_wconf 90' lang='lat' dir='ltr'>diendo,</span> <span class='ocrx_word' id='word_1_249' title='bbox 259 2327 450 2360; x_wconf 77' lang='lat' dir='ltr'>invenietis</span> <span class='ocrx_word' id='word_1_250' title='bbox 480 2325 641 2369; x_wconf 77' lang='lat' dir='ltr'>requiem</span> <span class='ocrx_word' id='word_1_251' title='bbox 660 2323 854 2358; x_wconf 76' lang='lat' dir='ltr'>animabus</span> 
     </span>
     <span class='ocr_line' id='line_1_46' title="bbox 68 2369 851 2417; baseline -0.005 -9"><span class='ocrx_word' id='word_1_252' title='bbox 68 2375 214 2417; x_wconf 80' lang='lat' dir='ltr'>vestris,</span> <span class='ocrx_word' id='word_1_253' title='bbox 237 2372 378 2408; x_wconf 87' lang='lat' dir='ltr'>scilicet</span> <span class='ocrx_word' id='word_1_254' title='bbox 391 2372 431 2408; x_wconf 91' lang='lat' dir='ltr'>in</span> <span class='ocrx_word' id='word_1_255' title='bbox 447 2370 624 2417; x_wconf 88' lang='lat' dir='ltr'>praesenti</span> <span class='ocrx_word' id='word_1_256' title='bbox 643 2373 680 2406; x_wconf 87' lang='lat' dir='ltr'>et</span> <span class='ocrx_word' id='word_1_257' title='bbox 696 2369 734 2405; x_wconf 91' lang='lat' dir='ltr'>in</span> <span class='ocrx_word' id='word_1_258' title='bbox 751 2370 851 2406; x_wconf 87' lang='lat' dir='ltr'>futu-</span> 
     </span>
     <span class='ocr_line' id='line_1_47' title="bbox 68 2416 853 2465; baseline -0.004 -9"><span class='ocrx_word' id='word_1_259' title='bbox 68 2430 132 2464; x_wconf 82' lang='lat' dir='ltr'>ro3</span> <span class='ocrx_word' id='word_1_260' title='bbox 152 2430 235 2465; x_wconf 82' lang='lat' dir='ltr'>quae</span> <span class='ocrx_word' id='word_1_261' title='bbox 251 2419 402 2465; x_wconf 81' lang='lat' dir='ltr'>requies</span> <span class='ocrx_word' id='word_1_262' title='bbox 416 2419 478 2454; x_wconf 89' lang='lat' dir='ltr'>hic</span> <span class='ocrx_word' id='word_1_263' title='bbox 494 2418 707 2462; x_wconf 84' lang='lat' dir='ltr'>inchoatur,</span> <span class='ocrx_word' id='word_1_264' title='bbox 728 2417 795 2453; x_wconf 91' lang='lat' dir='ltr'>sed</span> <span class='ocrx_word' id='word_1_265' title='bbox 813 2416 853 2453; x_wconf 88' lang='lat' dir='ltr'>in</span> 
     </span>
     <span class='ocr_line' id='line_1_48' title="bbox 68 2466 851 2514; baseline -0.004 -11"><span class='ocrx_word' id='word_1_266' title='bbox 68 2468 191 2514; x_wconf 88' lang='lat' dir='ltr'>patria</span> <span class='ocrx_word' id='word_1_267' title='bbox 202 2466 429 2513; x_wconf 59' lang='lat' dir='ltr'>pvrficietur.</span> <span class='ocrx_word' id='word_1_268' title='bbox 443 2466 548 2502; x_wconf 92' lang='lat' dir='ltr'>Unde</span> <span class='ocrx_word' id='word_1_269' title='bbox 559 2467 851 2510; x_wconf 75' lang='lat' dir='ltr'>Chrysostomus:</span> 
     </span>
     <span class='ocr_line' id='line_1_49' title="bbox 73 2511 856 2558; baseline -0.004 -8"><span class='ocrx_word' id='word_1_270' title='bbox 73 2529 91 2547; x_wconf 93' lang='lat'>«</span> <span class='ocrx_word' id='word_1_271' title='bbox 116 2515 199 2550; x_wconf 89' lang='lat' dir='ltr'>Non</span> <span class='ocrx_word' id='word_1_272' title='bbox 214 2513 319 2558; x_wconf 78' lang='lat' dir='ltr'>dixit,</span> <span class='ocrx_word' id='word_1_273' title='bbox 341 2517 377 2550; x_wconf 87' lang='lat' dir='ltr'>et</span> <span class='ocrx_word' id='word_1_274' title='bbox 396 2512 594 2550; x_wconf 84' lang='lat' dir='ltr'>invenietis</span> <span class='ocrx_word' id='word_1_275' title='bbox 614 2511 797 2558; x_wconf 88' lang='lat' dir='ltr'>requiem,</span> <span class='ocrx_word' id='word_1_276' title='bbox 818 2514 856 2548; x_wconf 89' lang='lat' dir='ltr'>et</span> 
     </span>
     <span class='ocr_line' id='line_1_50' title="bbox 69 2559 852 2606; baseline -0.004 -9"><span class='ocrx_word' id='word_1_277' title='bbox 69 2560 206 2606; x_wconf 88' lang='lat' dir='ltr'>tacuit;</span> <span class='ocrx_word' id='word_1_278' title='bbox 229 2561 294 2597; x_wconf 88' lang='lat' dir='ltr'>sed</span> <span class='ocrx_word' id='word_1_279' title='bbox 308 2561 464 2606; x_wconf 81' lang='lat' dir='ltr'>addidit,</span> <span class='ocrx_word' id='word_1_280' title='bbox 477 2559 675 2597; x_wconf 86' lang='lat' dir='ltr'>animabus</span> <span class='ocrx_word' id='word_1_281' title='bbox 692 2559 826 2596; x_wconf 86' lang='lat' dir='ltr'>vestris</span> <span class='ocrx_word' id='word_1_282' title='bbox 843 2569 852 2594; x_wconf 79' lang='lat' dir='ltr'>t</span> 
     </span>
     <span class='ocr_line' id='line_1_51' title="bbox 72 2606 854 2656; baseline -0.001 -12"><span class='ocrx_word' id='word_1_283' title='bbox 72 2608 249 2656; x_wconf 89' lang='lat' dir='ltr'>quoniam</span> <span class='ocrx_word' id='word_1_284' title='bbox 275 2609 456 2645; x_wconf 83' lang='lat' dir='ltr'>mandata</span> <span class='ocrx_word' id='word_1_285' title='bbox 480 2606 619 2644; x_wconf 85' lang='lat' dir='ltr'>Christi</span> <span class='ocrx_word' id='word_1_286' title='bbox 639 2607 679 2644; x_wconf 88' lang='lat' dir='ltr'>in</span> <span class='ocrx_word' id='word_1_287' title='bbox 703 2608 774 2643; x_wconf 87' lang='lat' dir='ltr'>hoc</span> <span class='ocrx_word' id='word_1_288' title='bbox 796 2617 854 2643; x_wconf 86' lang='lat' dir='ltr'>se-</span> 
     </span>
     <span class='ocr_line' id='line_1_52' title="bbox 72 2654 857 2703; baseline -0.003 -11"><span class='ocrx_word' id='word_1_289' title='bbox 72 2655 156 2693; x_wconf 85' lang='lat' dir='ltr'>culo</span> <span class='ocrx_word' id='word_1_290' title='bbox 166 2655 383 2693; x_wconf 83' lang='lat' dir='ltr'>animarum</span> <span class='ocrx_word' id='word_1_291' title='bbox 394 2654 545 2703; x_wconf 84' lang='lat' dir='ltr'>requies</span> <span class='ocrx_word' id='word_1_292' title='bbox 563 2657 664 2700; x_wconf 81' lang='lat' dir='ltr'>sunt,</span> <span class='ocrx_word' id='word_1_293' title='bbox 679 2665 758 2691; x_wconf 88' lang='lat' dir='ltr'>non</span> <span class='ocrx_word' id='word_1_294' title='bbox 776 2664 857 2690; x_wconf 85' lang='lat' dir='ltr'>cor-</span> 
     </span>
    </p>
   </div>
   <div class='ocr_carea' id='block_1_5' title="bbox 893 1610 1711 1800">
    <p class='ocr_par' dir='ltr' id='par_1_6' title="bbox 893 1610 1711 1800">
     <span class='ocr_line' id='line_1_53' title="bbox 894 1610 1372 1655; baseline -0.004 -8"><span class='ocrx_word' id='word_1_295' title='bbox 894 1619 895 1631; x_wconf 64' lang='lat'><em>*</em></span> <span class='ocrx_word' id='word_1_296' title='bbox 931 1612 1010 1647; x_wconf 87' lang='lat' dir='ltr'>vius</span> <span class='ocrx_word' id='word_1_297' title='bbox 1037 1612 1097 1653; x_wconf 85' lang='lat' dir='ltr'>sit,</span> <span class='ocrx_word' id='word_1_298' title='bbox 1127 1621 1238 1655; x_wconf 89' lang='lat' dir='ltr'>quam</span> <span class='ocrx_word' id='word_1_299' title='bbox 1267 1610 1372 1655; x_wconf 87' lang='lat' dir='ltr'>Legis</span> 
     </span>
     <span class='ocr_line' id='line_1_54' title="bbox 893 1657 1711 1704; baseline -0.001 -9"><span class='ocrx_word' id='word_1_300' title='bbox 893 1664 895 1689; x_wconf 69' lang='lat' dir='ltr'>l</span> <span class='ocrx_word' id='word_1_301' title='bbox 929 1658 1170 1701; x_wconf 86' lang='lat' dir='ltr'>adulterium,</span> <span class='ocrx_word' id='word_1_302' title='bbox 1183 1657 1221 1692; x_wconf 88' lang='lat' dir='ltr'>in</span> <span class='ocrx_word' id='word_1_303' title='bbox 1234 1657 1435 1702; x_wconf 83' lang='lat' dir='ltr'>Evangelio</span> <span class='ocrx_word' id='word_1_304' title='bbox 1449 1658 1711 1704; x_wconf 79' lang='lat' dir='ltr'>eoncupiscen-</span> 
     </span>
     <span class='ocr_line' id='line_1_55' title="bbox 894 1704 1708 1751; baseline 0 -9"><span class='ocrx_word' id='word_1_305' title='bbox 894 1711 896 1729; x_wconf 41' lang='grc' dir='ltr'><strong>ἓ</strong></span> <span class='ocrx_word' id='word_1_306' title='bbox 928 1706 997 1751; x_wconf 88' lang='lat' dir='ltr'>tia;</span> <span class='ocrx_word' id='word_1_307' title='bbox 1012 1706 1050 1741; x_wconf 93' lang='lat' dir='ltr'>in</span> <span class='ocrx_word' id='word_1_308' title='bbox 1066 1707 1162 1750; x_wconf 89' lang='lat' dir='ltr'>Lege</span> <span class='ocrx_word' id='word_1_309' title='bbox 1179 1704 1435 1749; x_wconf 83' lang='lat' dir='ltr'>homicidium,</span> <span class='ocrx_word' id='word_1_310' title='bbox 1452 1705 1489 1741; x_wconf 89' lang='lat' dir='ltr'>in</span> <span class='ocrx_word' id='word_1_311' title='bbox 1507 1707 1708 1749; x_wconf 83' lang='lat' dir='ltr'>Evangelio</span> 
     </span>
     <span class='ocr_line' id='line_1_56' title="bbox 894 1749 1711 1800; baseline 0 -11"><span class='ocrx_word' id='word_1_312' title='bbox 894 1758 896 1766; x_wconf 81' lang='grc'>’</span> <span class='ocrx_word' id='word_1_313' title='bbox 928 1754 985 1790; x_wconf 90' lang='lat' dir='ltr'>ira</span> <span class='ocrx_word' id='word_1_314' title='bbox 1008 1753 1211 1800; x_wconf 75' lang='lat' dir='ltr'>puniatur?</span> <span class='ocrx_word' id='word_1_315' title='bbox 1227 1754 1270 1787; x_wconf 87' lang='lat' dir='ltr'>Et</span> <span class='ocrx_word' id='word_1_316' title='bbox 1291 1753 1554 1798; x_wconf 85' lang='lat' dir='ltr'>respondetur,</span> <span class='ocrx_word' id='word_1_317' title='bbox 1578 1749 1711 1789; x_wconf 71' lang='lat' dir='ltr'>secun-</span> 
     </span>
    </p>
   </div>
   <div class='ocr_carea' id='block_1_6' title="bbox 891 879 897 1914">
    <p class='ocr_par' dir='ltr' id='par_1_7' title="bbox 891 879 897 1914">
     <span class='ocr_line' id='line_1_57' title="bbox 891 879 897 1914; baseline 0 0"><span class='ocrx_word' id='word_1_318' title='bbox 891 879 897 1914; x_wconf 95' lang='lat' dir='ltr'> </span> 
     </span>
    </p>
   </div>
   <div class='ocr_carea' id='block_1_7' title="bbox 918 285 1710 1043">
    <p class='ocr_par' dir='ltr' id='par_1_8' title="bbox 918 285 1710 1043">
     <span class='ocr_line' id='line_1_58' title="bbox 921 285 1704 333; baseline 0.006 -12"><span class='ocrx_word' id='word_1_319' title='bbox 921 296 1075 333; x_wconf 86' lang='lat' dir='ltr'>porum;</span> <span class='ocrx_word' id='word_1_320' title='bbox 1109 285 1300 331; x_wconf 84' lang='lat' dir='ltr'>quoniam,</span> <span class='ocrx_word' id='word_1_321' title='bbox 1327 290 1363 322; x_wconf 92' lang='lat' dir='ltr'>et</span> <span class='ocrx_word' id='word_1_322' title='bbox 1398 287 1429 322; x_wconf 92' lang='lat' dir='ltr'>si</span> <span class='ocrx_word' id='word_1_323' title='bbox 1462 288 1639 325; x_wconf 82' lang='lat' dir='ltr'>laborant</span> <span class='ocrx_word' id='word_1_324' title='bbox 1667 293 1704 326; x_wconf 85' lang='lat' dir='ltr'>et</span> 
     </span>
     <span class='ocr_line' id='line_1_59' title="bbox 922 333 1700 380; baseline 0.005 -11"><span class='ocrx_word' id='word_1_325' title='bbox 922 333 1121 369; x_wconf 84' lang='lat' dir='ltr'>tristantur</span> <span class='ocrx_word' id='word_1_326' title='bbox 1153 333 1190 368; x_wconf 89' lang='lat' dir='ltr'>in</span> <span class='ocrx_word' id='word_1_327' title='bbox 1212 344 1381 379; x_wconf 78' lang='lat' dir='ltr'>corpore,</span> <span class='ocrx_word' id='word_1_328' title='bbox 1408 335 1647 380; x_wconf 78' lang='lat' dir='ltr'>requiescunt</span> <span class='ocrx_word' id='word_1_329' title='bbox 1668 340 1700 373; x_wconf 84' lang='lat' dir='ltr'>et</span> 
     </span>
     <span class='ocr_line' id='line_1_60' title="bbox 922 380 1704 428; baseline 0.004 -11"><span class='ocrx_word' id='word_1_330' title='bbox 922 381 1087 428; x_wconf 83' lang='lat' dir='ltr'>gaudent</span> <span class='ocrx_word' id='word_1_331' title='bbox 1113 380 1152 416; x_wconf 89' lang='lat' dir='ltr'>in</span> <span class='ocrx_word' id='word_1_332' title='bbox 1180 380 1315 426; x_wconf 85' lang='lat' dir='ltr'>spiritu</span> <span class='ocrx_word' id='word_1_333' title='bbox 1338 384 1374 416; x_wconf 89' lang='lat' dir='ltr'>et</span> <span class='ocrx_word' id='word_1_334' title='bbox 1400 381 1436 417; x_wconf 91' lang='lat' dir='ltr'>in</span> <span class='ocrx_word' id='word_1_335' title='bbox 1466 393 1542 428; x_wconf 85' lang='lat' dir='ltr'>spe.</span> <span class='ocrx_word' id='word_1_336' title='bbox 1570 396 1587 418; x_wconf 89' lang='lat'>»</span> <span class='ocrx_word' id='word_1_337' title='bbox 1616 385 1704 420; x_wconf 89' lang='lat' dir='ltr'>Ideo</span> 
     </span>
     <span class='ocr_line' id='line_1_61' title="bbox 922 427 1704 467; baseline 0.003 -2"><span class='ocrx_word' id='word_1_338' title='bbox 922 429 1010 465; x_wconf 86' lang='lat' dir='ltr'>alibi</span> <span class='ocrx_word' id='word_1_339' title='bbox 1043 427 1157 464; x_wconf 87' lang='lat' dir='ltr'>dicit:</span> <span class='ocrx_word' id='word_1_340' title='bbox 1180 430 1263 463; x_wconf 80' lang='lat' dir='ltr'>Haec</span> <span class='ocrx_word' id='word_1_341' title='bbox 1294 432 1413 463; x_wconf 78' lang='lat' dir='ltr'>autem</span> <span class='ocrx_word' id='word_1_342' title='bbox 1452 431 1590 466; x_wconf 79' lang='lat' dir='ltr'>locutus</span> <span class='ocrx_word' id='word_1_343' title='bbox 1624 443 1704 467; x_wconf 82' lang='lat' dir='ltr'>sum</span> 
     </span>
     <span class='ocr_line' id='line_1_62' title="bbox 920 477 1706 521; baseline 0.004 -9"><span class='ocrx_word' id='word_1_344' title='bbox 920 477 1034 520; x_wconf 79' lang='lat' dir='ltr'>vobis,</span> <span class='ocrx_word' id='word_1_345' title='bbox 1053 479 1094 511; x_wconf 74' lang='lat' dir='ltr'>ut</span> <span class='ocrx_word' id='word_1_346' title='bbox 1110 478 1217 510; x_wconf 78' lang='lat' dir='ltr'>inme</span> <span class='ocrx_word' id='word_1_347' title='bbox 1231 486 1357 521; x_wconf 74' lang='lat' dir='ltr'>pacem</span> <span class='ocrx_word' id='word_1_348' title='bbox 1378 477 1554 521; x_wconf 73' lang='lat' dir='ltr'>habeatis,</span> <span class='ocrx_word' id='word_1_349' title='bbox 1579 479 1615 514; x_wconf 90' lang='lat' dir='ltr'>in</span> <span class='ocrx_word' id='word_1_350' title='bbox 1635 480 1706 515; x_wconf 89' lang='lat' dir='ltr'>hoc</span> 
     </span>
     <span class='ocr_line' id='line_1_63' title="bbox 923 523 1706 569; baseline 0.005 -10"><span class='ocrx_word' id='word_1_351' title='bbox 923 524 1061 560; x_wconf 90' lang='lat' dir='ltr'>mundo</span> <span class='ocrx_word' id='word_1_352' title='bbox 1080 528 1207 559; x_wconf 67' lang='lat' dir='ltr'>autem</span> <span class='ocrx_word' id='word_1_353' title='bbox 1227 523 1502 559; x_wconf 68' lang='lat' dir='ltr'>tribulationes.</span> <span class='ocrx_word' id='word_1_354' title='bbox 1524 527 1565 560; x_wconf 89' lang='lat' dir='ltr'>Et</span> <span class='ocrx_word' id='word_1_355' title='bbox 1586 537 1646 569; x_wconf 88' lang='lat' dir='ltr'>ne,</span> <span class='ocrx_word' id='word_1_356' title='bbox 1663 538 1706 562; x_wconf 86' lang='lat' dir='ltr'>ex</span> 
     </span>
     <span class='ocr_line' id='line_1_64' title="bbox 918 570 1705 619; baseline 0.003 -12"><span class='ocrx_word' id='word_1_357' title='bbox 918 573 1010 618; x_wconf 84' lang='lat' dir='ltr'>J&#39;ugo</span> <span class='ocrx_word' id='word_1_358' title='bbox 1032 571 1125 616; x_wconf 88' lang='lat' dir='ltr'>legis</span> <span class='ocrx_word' id='word_1_359' title='bbox 1135 570 1368 613; x_wconf 74' lang='lat' dir='ltr'>Evangelicae</span> <span class='ocrx_word' id='word_1_360' title='bbox 1389 574 1581 616; x_wconf 79' lang='lat' dir='ltr'>tamquam</span> <span class='ocrx_word' id='word_1_361' title='bbox 1602 573 1705 619; x_wconf 89' lang='lat' dir='ltr'>gravi</span> 
     </span>
     <span class='ocr_line' id='line_1_65' title="bbox 923 617 1706 664; baseline 0.001 -10"><span class='ocrx_word' id='word_1_362' title='bbox 923 622 958 655; x_wconf 91' lang='lat' dir='ltr'>et</span> <span class='ocrx_word' id='word_1_363' title='bbox 990 629 1149 654; x_wconf 91' lang='lat' dir='ltr'>oneroso</span> <span class='ocrx_word' id='word_1_364' title='bbox 1189 617 1303 664; x_wconf 88' lang='lat' dir='ltr'>aliqui</span> <span class='ocrx_word' id='word_1_365' title='bbox 1337 621 1554 655; x_wconf 87' lang='lat' dir='ltr'>terreantur</span> <span class='ocrx_word' id='word_1_366' title='bbox 1587 624 1623 655; x_wconf 93' lang='lat' dir='ltr'>et</span> <span class='ocrx_word' id='word_1_367' title='bbox 1658 620 1706 655; x_wconf 92' lang='lat' dir='ltr'>ti—</span> 
     </span>
     <span class='ocr_line' id='line_1_66' title="bbox 922 666 1704 713; baseline 0 -11"><span class='ocrx_word' id='word_1_368' title='bbox 922 670 1074 709; x_wconf 86' lang='lat' dir='ltr'>meant;</span> <span class='ocrx_word' id='word_1_369' title='bbox 1109 668 1145 702; x_wconf 91' lang='lat' dir='ltr'>et</span> <span class='ocrx_word' id='word_1_370' title='bbox 1180 676 1295 711; x_wconf 83' lang='lat' dir='ltr'>quare</span> <span class='ocrx_word' id='word_1_371' title='bbox 1324 666 1391 701; x_wconf 81' lang='lat' dir='ltr'>sul)</span> <span class='ocrx_word' id='word_1_372' title='bbox 1426 666 1516 713; x_wconf 88' lang='lat' dir='ltr'>jugo</span> <span class='ocrx_word' id='word_1_373' title='bbox 1557 667 1704 703; x_wconf 87' lang='lat' dir='ltr'>Domini</span> 
     </span>
     <span class='ocr_line' id='line_1_67' title="bbox 921 713 1707 759; baseline 0 -9"><span class='ocrx_word' id='word_1_374' title='bbox 921 713 1090 759; x_wconf 84' lang='lat' dir='ltr'>requiem</span> <span class='ocrx_word' id='word_1_375' title='bbox 1133 713 1331 749; x_wconf 87' lang='lat' dir='ltr'>animabus</span> <span class='ocrx_word' id='word_1_376' title='bbox 1380 716 1459 749; x_wconf 86' lang='lat' dir='ltr'>suis</span> <span class='ocrx_word' id='word_1_377' title='bbox 1501 713 1707 758; x_wconf 81' lang='lat' dir='ltr'>inveniant,</span> 
     </span>
     <span class='ocr_line' id='line_1_68' title="bbox 922 760 1709 807; baseline 0 -10"><span class='ocrx_word' id='word_1_378' title='bbox 922 761 1115 807; x_wconf 84' lang='lat' dir='ltr'>subjungit</span> <span class='ocrx_word' id='word_1_379' title='bbox 1132 760 1260 796; x_wconf 88' lang='lat' dir='ltr'>diceus</span> <span class='ocrx_word' id='word_1_380' title='bbox 1278 771 1285 795; x_wconf 90' lang='lat'><strong>:</strong></span> <span class='ocrx_word' id='word_1_381' title='bbox 1308 762 1442 804; x_wconf 67' lang='lat' dir='ltr'>Juyum</span> <span class='ocrx_word' id='word_1_382' title='bbox 1476 764 1571 797; x_wconf 76' lang='lat' dir='ltr'>enim</span> <span class='ocrx_word' id='word_1_383' title='bbox 1592 773 1709 797; x_wconf 80' lang='lat' dir='ltr'>meum</span> 
     </span>
     <span class='ocr_line' id='line_1_69' title="bbox 922 810 1706 856; baseline 0.001 -13"><span class='ocrx_word' id='word_1_384' title='bbox 922 820 1032 844; x_wconf 62' lang='lat' dir='ltr'>sume</span> <span class='ocrx_word' id='word_1_385' title='bbox 1068 812 1141 849; x_wconf 64' lang='grc' dir='ltr'>θείς</span> <span class='ocrx_word' id='word_1_386' title='bbox 1179 819 1281 851; x_wconf 89' lang='lat' dir='ltr'>nam,</span> <span class='ocrx_word' id='word_1_387' title='bbox 1315 819 1427 853; x_wconf 86' lang='lat' dir='ltr'>grave</span> <span class='ocrx_word' id='word_1_388' title='bbox 1458 812 1538 844; x_wconf 84' lang='lat' dir='ltr'>erat</span> <span class='ocrx_word' id='word_1_389' title='bbox 1574 810 1706 856; x_wconf 86' lang='lat' dir='ltr'>jugum</span> 
     </span>
     <span class='ocr_line' id='line_1_70' title="bbox 924 855 1709 901; baseline 0 -10"><span class='ocrx_word' id='word_1_390' title='bbox 924 857 1031 901; x_wconf 87' lang='lat' dir='ltr'>Legis</span> <span class='ocrx_word' id='word_1_391' title='bbox 1046 858 1200 901; x_wconf 85' lang='lat' dir='ltr'>propter</span> <span class='ocrx_word' id='word_1_392' title='bbox 1215 855 1529 900; x_wconf 65' lang='lat' dir='ltr'>multiplicitatem</span> <span class='ocrx_word' id='word_1_393' title='bbox 1546 867 1709 892; x_wconf 85' lang='lat' dir='ltr'>ceremo-</span> 
     </span>
     <span class='ocr_line' id='line_1_71' title="bbox 924 903 1710 950; baseline 0.003 -13"><span class='ocrx_word' id='word_1_394' title='bbox 924 903 1095 946; x_wconf 89' lang='lat' dir='ltr'>nialium,</span> <span class='ocrx_word' id='word_1_395' title='bbox 1111 905 1265 948; x_wconf 85' lang='lat' dir='ltr'>propter</span> <span class='ocrx_word' id='word_1_396' title='bbox 1286 903 1547 939; x_wconf 82' lang='lat' dir='ltr'>austeritatem</span> <span class='ocrx_word' id='word_1_397' title='bbox 1568 903 1710 950; x_wconf 81' lang='lat' dir='ltr'>J&#39;udici-</span> 
     </span>
     <span class='ocr_line' id='line_1_72' title="bbox 925 950 1710 995; baseline 0.001 -10"><span class='ocrx_word' id='word_1_398' title='bbox 925 950 1056 993; x_wconf 88' lang='lat' dir='ltr'>alium,</span> <span class='ocrx_word' id='word_1_399' title='bbox 1076 954 1231 995; x_wconf 83' lang='lat' dir='ltr'>propter</span> <span class='ocrx_word' id='word_1_400' title='bbox 1242 950 1428 985; x_wconf 83' lang='lat' dir='ltr'>desectum</span> <span class='ocrx_word' id='word_1_401' title='bbox 1451 954 1710 987; x_wconf 78' lang='lat' dir='ltr'>sacramento-</span> 
     </span>
     <span class='ocr_line' id='line_1_73' title="bbox 924 996 1703 1043; baseline 0.001 -11"><span class='ocrx_word' id='word_1_402' title='bbox 924 1008 1009 1033; x_wconf 87' lang='lat' dir='ltr'>rum</span> <span class='ocrx_word' id='word_1_403' title='bbox 1028 996 1336 1043; x_wconf 58' lang='lat' dir='ltr'>justificanti&#39;unn</span> <span class='ocrx_word' id='word_1_404' title='bbox 1360 998 1425 1032; x_wconf 88' lang='lat' dir='ltr'>sed</span> <span class='ocrx_word' id='word_1_405' title='bbox 1454 1009 1528 1032; x_wconf 78' lang='lat' dir='ltr'>non</span> <span class='ocrx_word' id='word_1_406' title='bbox 1552 998 1604 1033; x_wconf 76' lang='lat' dir='ltr'>sic</span> <span class='ocrx_word' id='word_1_407' title='bbox 1626 1002 1703 1033; x_wconf 85' lang='lat' dir='ltr'>erat</span> 
     </span>
    </p>
   </div>
   <div class='ocr_carea' id='block_1_8' title="bbox 891 1043 1708 1090">
    <p class='ocr_par' dir='ltr' id='par_1_9' title="bbox 891 1043 1708 1090">
     <span class='ocr_line' id='line_1_74' title="bbox 891 1043 1708 1090; baseline 0 -11"><span class='ocrx_word' id='word_1_408' title='bbox 891 1050 893 1053; x_wconf 86' lang='lat'>&#39;</span> <span class='ocrx_word' id='word_1_409' title='bbox 925 1043 1115 1089; x_wconf 84' lang='lat' dir='ltr'>Evangelii</span> <span class='ocrx_word' id='word_1_410' title='bbox 1134 1044 1281 1089; x_wconf 86' lang='lat' dir='ltr'>jugum.</span> <span class='ocrx_word' id='word_1_411' title='bbox 1320 1045 1424 1079; x_wconf 84' lang='lat' dir='ltr'>Unde</span> <span class='ocrx_word' id='word_1_412' title='bbox 1446 1049 1482 1079; x_wconf 87' lang='lat' dir='ltr'>et</span> <span class='ocrx_word' id='word_1_413' title='bbox 1508 1045 1677 1090; x_wconf 85' lang='lat' dir='ltr'>sequitur</span> <span class='ocrx_word' id='word_1_414' title='bbox 1700 1057 1708 1079; x_wconf 76' lang='lat' dir='ltr'>z</span> 
     </span>
    </p>
   </div>
   <div class='ocr_carea' id='block_1_9' title="bbox 924 1091 1710 1183">
    <p class='ocr_par' dir='ltr' id='par_1_10' title="bbox 924 1091 1710 1183">
     <span class='ocr_line' id='line_1_75' title="bbox 924 1091 1710 1136; baseline 0 -9"><span class='ocrx_word' id='word_1_415' title='bbox 924 1095 972 1127; x_wconf 79' lang='lat' dir='ltr'>Et</span> <span class='ocrx_word' id='word_1_416' title='bbox 992 1102 1080 1126; x_wconf 71' lang='lat' dir='ltr'>onus</span> <span class='ocrx_word' id='word_1_417' title='bbox 1102 1102 1214 1125; x_wconf 76' lang='lat' dir='ltr'>meum</span> <span class='ocrx_word' id='word_1_418' title='bbox 1240 1093 1313 1125; x_wconf 68' lang='lat' dir='ltr'>lere</span> <span class='ocrx_word' id='word_1_419' title='bbox 1337 1121 1341 1125; x_wconf 88' lang='lat'>.</span> <span class='ocrx_word' id='word_1_420' title='bbox 1367 1091 1455 1136; x_wconf 85' lang='lat' dir='ltr'>quia</span> <span class='ocrx_word' id='word_1_421' title='bbox 1489 1092 1626 1127; x_wconf 68' lang='lat' dir='ltr'>sut&#39;t&#39;icit</span> <span class='ocrx_word' id='word_1_422' title='bbox 1648 1103 1710 1127; x_wconf 80' lang='lat' dir='ltr'>ca-</span> 
     </span>
     <span class='ocr_line' id='line_1_76' title="bbox 926 1138 1710 1183; baseline 0 -9"><span class='ocrx_word' id='word_1_423' title='bbox 926 1139 1017 1174; x_wconf 82' lang='lat' dir='ltr'>ritas</span> <span class='ocrx_word' id='word_1_424' title='bbox 1032 1148 1099 1183; x_wconf 81' lang='lat' dir='ltr'>pro</span> <span class='ocrx_word' id='word_1_425' title='bbox 1116 1138 1225 1182; x_wconf 73' lang='lat' dir='ltr'>hujus</span> <span class='ocrx_word' id='word_1_426' title='bbox 1241 1138 1366 1173; x_wconf 77' lang='lat' dir='ltr'>oneris</span> <span class='ocrx_word' id='word_1_427' title='bbox 1384 1139 1625 1174; x_wconf 70' lang='lat' dir='ltr'>relevatione.</span> <span class='ocrx_word' id='word_1_428' title='bbox 1642 1141 1710 1174; x_wconf 83' lang='lat' dir='ltr'>Un-</span> 
     </span>
    </p>
   </div>
   <div class='ocr_carea' id='block_1_10' title="bbox 891 1185 1711 1228">
    <p class='ocr_par' dir='ltr' id='par_1_11' title="bbox 891 1185 1711 1228">
     <span class='ocr_line' id='line_1_77' title="bbox 891 1185 1711 1228; baseline 0.001 -7"><span class='ocrx_word' id='word_1_429' title='bbox 891 1198 894 1205; x_wconf 91' lang='lat'><strong>·</strong></span> <span class='ocrx_word' id='word_1_430' title='bbox 925 1186 970 1221; x_wconf 91' lang='lat' dir='ltr'>de</span> <span class='ocrx_word' id='word_1_431' title='bbox 989 1185 1040 1221; x_wconf 88' lang='lat' dir='ltr'>ait</span> <span class='ocrx_word' id='word_1_432' title='bbox 1054 1187 1293 1228; x_wconf 60' lang='lat' dir='ltr'>Hieronymus</span> <span class='ocrx_word' id='word_1_433' title='bbox 1315 1197 1322 1219; x_wconf 87' lang='lat'>:</span> <span class='ocrx_word' id='word_1_434' title='bbox 1347 1199 1361 1217; x_wconf 83' lang='lat'>«</span> <span class='ocrx_word' id='word_1_435' title='bbox 1380 1185 1476 1219; x_wconf 77' lang='lat' dir='ltr'>Nihil</span> <span class='ocrx_word' id='word_1_436' title='bbox 1495 1186 1711 1222; x_wconf 87' lang='lat' dir='ltr'>amantibus</span> 
     </span>
    </p>
   </div>
   <div class='ocr_carea' id='block_1_11' title="bbox 925 1232 1713 1275">
    <p class='ocr_par' dir='ltr' id='par_1_12' title="bbox 925 1232 1713 1275">
     <span class='ocr_line' id='line_1_78' title="bbox 925 1232 1713 1275; baseline 0.001 -7"><span class='ocrx_word' id='word_1_437' title='bbox 925 1233 1074 1275; x_wconf 86' lang='lat' dir='ltr'>durum,</span> <span class='ocrx_word' id='word_1_438' title='bbox 1106 1232 1228 1267; x_wconf 85' lang='lat' dir='ltr'>nullus</span> <span class='ocrx_word' id='word_1_439' title='bbox 1250 1233 1356 1267; x_wconf 84' lang='lat' dir='ltr'>labor</span> <span class='ocrx_word' id='word_1_440' title='bbox 1392 1232 1571 1268; x_wconf 80' lang='lat' dir='ltr'>dil&#39;licilis.</span> <span class='ocrx_word' id='word_1_441' title='bbox 1605 1235 1713 1269; x_wconf 80' lang='lat' dir='ltr'>Anie-</span> 
     </span>
    </p>
   </div>
   <div class='ocr_carea' id='block_1_12' title="bbox 891 1278 1714 1319">
    <p class='ocr_par' dir='ltr' id='par_1_13' title="bbox 891 1278 1714 1319">
     <span class='ocr_line' id='line_1_79' title="bbox 891 1278 1714 1319; baseline 0 -4"><span class='ocrx_word' id='word_1_442' title='bbox 891 1287 894 1295; x_wconf 74' lang='lat'><em>⁴</em></span> <span class='ocrx_word' id='word_1_443' title='bbox 925 1291 1009 1316; x_wconf 87' lang='lat' dir='ltr'>mus</span> <span class='ocrx_word' id='word_1_444' title='bbox 1030 1278 1232 1319; x_wconf 69' lang='lat' dir='ltr'>Christum,</span> <span class='ocrx_word' id='word_1_445' title='bbox 1256 1284 1290 1314; x_wconf 88' lang='lat' dir='ltr'>et</span> <span class='ocrx_word' id='word_1_446' title='bbox 1315 1278 1421 1314; x_wconf 77' lang='lat' dir='ltr'>facile</span> <span class='ocrx_word' id='word_1_447' title='bbox 1446 1280 1554 1315; x_wconf 84' lang='lat' dir='ltr'>nobis</span> <span class='ocrx_word' id='word_1_448' title='bbox 1574 1280 1714 1317; x_wconf 88' lang='lat' dir='ltr'>videbi-</span> 
     </span>
    </p>
   </div>
   <div class='ocr_carea' id='block_1_13' title="bbox 926 1326 1714 1514">
    <p class='ocr_par' dir='ltr' id='par_1_14' title="bbox 926 1326 1714 1514">
     <span class='ocr_line' id='line_1_80' title="bbox 926 1326 1709 1372; baseline 0 -9"><span class='ocrx_word' id='word_1_449' title='bbox 926 1332 987 1363; x_wconf 89' lang='lat' dir='ltr'>tur</span> <span class='ocrx_word' id='word_1_450' title='bbox 1002 1338 1113 1363; x_wconf 89' lang='lat' dir='ltr'>omne</span> <span class='ocrx_word' id='word_1_451' title='bbox 1130 1326 1243 1362; x_wconf 73' lang='lat' dir='ltr'>dissici</span> <span class='ocrx_word' id='word_1_452' title='bbox 1251 1327 1282 1362; x_wconf 92' lang='lat' dir='ltr'>le</span> <span class='ocrx_word' id='word_1_453' title='bbox 1300 1338 1307 1361; x_wconf 89' lang='lat'>:</span> <span class='ocrx_word' id='word_1_454' title='bbox 1325 1340 1340 1359; x_wconf 69' lang='grc' dir='ltr'>υ</span> <span class='ocrx_word' id='word_1_455' title='bbox 1356 1328 1437 1362; x_wconf 69' lang='lat' dir='ltr'>lnce</span> <span class='ocrx_word' id='word_1_456' title='bbox 1455 1329 1709 1372; x_wconf 66' lang='lat' dir='ltr'>Hieronymus.</span> 
     </span>
     <span class='ocr_line' id='line_1_81' title="bbox 929 1374 1714 1420; baseline 0 -9"><span class='ocrx_word' id='word_1_457' title='bbox 929 1375 1032 1411; x_wconf 82' lang='lat' dir='ltr'>Unde</span> <span class='ocrx_word' id='word_1_458' title='bbox 1049 1378 1084 1410; x_wconf 88' lang='lat' dir='ltr'>et</span> <span class='ocrx_word' id='word_1_459' title='bbox 1096 1375 1348 1417; x_wconf 63' lang='lat' dir='ltr'>Quintilianus</span> <span class='ocrx_word' id='word_1_460' title='bbox 1372 1374 1474 1419; x_wconf 68' lang='lat' dir='ltr'>dicit,</span> <span class='ocrx_word' id='word_1_461' title='bbox 1496 1376 1595 1420; x_wconf 78' lang='lat' dir='ltr'>quod</span> <span class='ocrx_word' id='word_1_462' title='bbox 1612 1376 1714 1412; x_wconf 81' lang='lat' dir='ltr'>nulla</span> 
     </span>
     <span class='ocr_line' id='line_1_82' title="bbox 927 1421 1711 1469; baseline 0.001 -12"><span class='ocrx_word' id='word_1_463' title='bbox 927 1433 1041 1469; x_wconf 80' lang='lat' dir='ltr'>poena</span> <span class='ocrx_word' id='word_1_464' title='bbox 1053 1426 1123 1465; x_wconf 87' lang='lat' dir='ltr'>est,</span> <span class='ocrx_word' id='word_1_465' title='bbox 1138 1421 1206 1456; x_wconf 80' lang='lat' dir='ltr'>nisi</span> <span class='ocrx_word' id='word_1_466' title='bbox 1220 1421 1354 1465; x_wconf 70' lang='lat' dir='ltr'>invito,</span> <span class='ocrx_word' id='word_1_467' title='bbox 1372 1422 1515 1458; x_wconf 90' lang='lat' dir='ltr'>nullum</span> <span class='ocrx_word' id='word_1_468' title='bbox 1528 1424 1711 1459; x_wconf 80' lang='lat' dir='ltr'>habemus</span> 
     </span>
     <span class='ocr_line' id='line_1_83' title="bbox 927 1469 1712 1514; baseline 0.001 -9"><span class='ocrx_word' id='word_1_469' title='bbox 927 1470 999 1505; x_wconf 82' lang='lat' dir='ltr'>nisi</span> <span class='ocrx_word' id='word_1_470' title='bbox 1016 1470 1062 1505; x_wconf 90' lang='lat' dir='ltr'>de</span> <span class='ocrx_word' id='word_1_471' title='bbox 1076 1469 1313 1514; x_wconf 87' lang='lat' dir='ltr'>impatientia</span> <span class='ocrx_word' id='word_1_472' title='bbox 1328 1469 1497 1505; x_wconf 89' lang='lat' dir='ltr'>dolorem</span> <span class='ocrx_word' id='word_1_473' title='bbox 1510 1482 1517 1513; x_wconf 90' lang='lat'>;</span> <span class='ocrx_word' id='word_1_474' title='bbox 1533 1473 1568 1505; x_wconf 90' lang='lat' dir='ltr'>et</span> <span class='ocrx_word' id='word_1_475' title='bbox 1582 1474 1620 1506; x_wconf 91' lang='lat' dir='ltr'>ut</span> <span class='ocrx_word' id='word_1_476' title='bbox 1633 1481 1712 1506; x_wconf 88' lang='lat' dir='ltr'>cru-</span> 
     </span>
    </p>
   </div>
   <div class='ocr_carea' id='block_1_14' title="bbox 893 1516 1712 1561">
    <p class='ocr_par' dir='ltr' id='par_1_15' title="bbox 893 1516 1712 1561">
     <span class='ocr_line' id='line_1_84' title="bbox 893 1516 1712 1561; baseline 0.002 -10"><span class='ocrx_word' id='word_1_477' title='bbox 893 1526 895 1551; x_wconf 67' lang='grc' dir='ltr'><strong>ὲ</strong></span> <span class='ocrx_word' id='word_1_478' title='bbox 928 1518 1011 1553; x_wconf 89' lang='lat' dir='ltr'>dele</span> <span class='ocrx_word' id='word_1_479' title='bbox 1027 1516 1168 1561; x_wconf 87' lang='lat' dir='ltr'>aliquid</span> <span class='ocrx_word' id='word_1_480' title='bbox 1187 1516 1247 1559; x_wconf 90' lang='lat' dir='ltr'>sit,</span> <span class='ocrx_word' id='word_1_481' title='bbox 1267 1519 1389 1552; x_wconf 90' lang='lat' dir='ltr'>metus</span> <span class='ocrx_word' id='word_1_482' title='bbox 1405 1516 1504 1552; x_wconf 87' lang='lat' dir='ltr'>facit.</span> <span class='ocrx_word' id='word_1_483' title='bbox 1524 1518 1712 1559; x_wconf 76' lang='lat' dir='ltr'>Ouaeritur</span> 
     </span>
    </p>
   </div>
   <div class='ocr_carea' id='block_1_15' title="bbox 929 1563 1713 1657">
    <p class='ocr_par' dir='ltr' id='par_1_16' title="bbox 929 1563 1713 1657">
     <span class='ocr_line' id='line_1_85' title="bbox 929 1563 1713 1609; baseline 0 -9"><span class='ocrx_word' id='word_1_484' title='bbox 929 1568 1053 1600; x_wconf 90' lang='lat' dir='ltr'>autem</span> <span class='ocrx_word' id='word_1_485' title='bbox 1077 1563 1237 1609; x_wconf 87' lang='lat' dir='ltr'>qualiter</span> <span class='ocrx_word' id='word_1_486' title='bbox 1258 1563 1392 1609; x_wconf 83' lang='lat' dir='ltr'>jugum</span> <span class='ocrx_word' id='word_1_487' title='bbox 1417 1564 1606 1609; x_wconf 83' lang='lat' dir='ltr'>Evangelii</span> <span class='ocrx_word' id='word_1_488' title='bbox 1631 1575 1713 1601; x_wconf 87' lang='lat' dir='ltr'>sua-</span> 
     </span>
     <span class='ocr_line' id='line_1_86' title="bbox 1402 1611 1710 1657; baseline 0.01 -12"><span class='ocrx_word' id='word_1_489' title='bbox 1402 1622 1409 1645; x_wconf 90' lang='lat'>:</span> <span class='ocrx_word' id='word_1_490' title='bbox 1437 1622 1519 1647; x_wconf 83' lang='lat' dir='ltr'>cum</span> <span class='ocrx_word' id='word_1_491' title='bbox 1548 1611 1586 1646; x_wconf 91' lang='lat' dir='ltr'>in</span> <span class='ocrx_word' id='word_1_492' title='bbox 1614 1613 1710 1657; x_wconf 80' lang='lat' dir='ltr'>Lege</span> 
     </span>
    </p>
   </div>
   <div class='ocr_carea' id='block_1_16' title="bbox 925 1800 1718 2702">
    <p class='ocr_par' dir='ltr' id='par_1_17' title="bbox 925 1800 1718 2702">
     <span class='ocr_line' id='line_1_87' title="bbox 929 1800 1712 1847; baseline 0 -10"><span class='ocrx_word' id='word_1_493' title='bbox 929 1802 1018 1837; x_wconf 88' lang='lat' dir='ltr'>dum</span> <span class='ocrx_word' id='word_1_494' title='bbox 1039 1802 1297 1844; x_wconf 69' lang='lat' dir='ltr'>Hieronymum</span> <span class='ocrx_word' id='word_1_495' title='bbox 1317 1800 1404 1845; x_wconf 89' lang='lat' dir='ltr'>quia</span> <span class='ocrx_word' id='word_1_496' title='bbox 1424 1800 1459 1835; x_wconf 93' lang='lat' dir='ltr'>in</span> <span class='ocrx_word' id='word_1_497' title='bbox 1482 1802 1577 1845; x_wconf 82' lang='lat' dir='ltr'>Lege</span> <span class='ocrx_word' id='word_1_498' title='bbox 1597 1812 1712 1847; x_wconf 86' lang='lat' dir='ltr'>opera</span> 
     </span>
     <span class='ocr_line' id='line_1_88' title="bbox 928 1847 1712 1894; baseline 0 -10"><span class='ocrx_word' id='word_1_499' title='bbox 928 1847 1239 1894; x_wconf 77' lang='lat' dir='ltr'>requirebantur3</span> <span class='ocrx_word' id='word_1_500' title='bbox 1253 1847 1290 1882; x_wconf 88' lang='lat' dir='ltr'>in</span> <span class='ocrx_word' id='word_1_501' title='bbox 1304 1847 1508 1893; x_wconf 86' lang='lat' dir='ltr'>Evangelio</span> <span class='ocrx_word' id='word_1_502' title='bbox 1523 1848 1602 1883; x_wconf 86' lang='lat' dir='ltr'>sola</span> <span class='ocrx_word' id='word_1_503' title='bbox 1613 1849 1712 1884; x_wconf 81' lang='lat' dir='ltr'>bona</span> 
     </span>
     <span class='ocr_line' id='line_1_89' title="bbox 929 1894 1710 1941; baseline -0.001 -9"><span class='ocrx_word' id='word_1_504' title='bbox 929 1897 1102 1932; x_wconf 89' lang='lat' dir='ltr'>voluntas</span> <span class='ocrx_word' id='word_1_505' title='bbox 1122 1894 1321 1941; x_wconf 83' lang='lat' dir='ltr'>praemium</span> <span class='ocrx_word' id='word_1_506' title='bbox 1341 1905 1417 1930; x_wconf 89' lang='lat' dir='ltr'>non</span> <span class='ocrx_word' id='word_1_507' title='bbox 1433 1894 1583 1930; x_wconf 88' lang='lat' dir='ltr'>amittit.</span> <span class='ocrx_word' id='word_1_508' title='bbox 1604 1898 1710 1939; x_wconf 89' lang='lat' dir='ltr'>Item,</span> 
     </span>
     <span class='ocr_line' id='line_1_90' title="bbox 929 1942 1713 1988; baseline -0.003 -8"><span class='ocrx_word' id='word_1_509' title='bbox 929 1955 996 1980; x_wconf 90' lang='lat' dir='ltr'>cur</span> <span class='ocrx_word' id='word_1_510' title='bbox 1017 1943 1107 1979; x_wconf 85' lang='lat' dir='ltr'>dicit</span> <span class='ocrx_word' id='word_1_511' title='bbox 1125 1953 1221 1978; x_wconf 88' lang='lat' dir='ltr'>onus</span> <span class='ocrx_word' id='word_1_512' title='bbox 1241 1942 1336 1986; x_wconf 87' lang='lat' dir='ltr'>leve,</span> <span class='ocrx_word' id='word_1_513' title='bbox 1358 1953 1445 1977; x_wconf 89' lang='lat' dir='ltr'>cum</span> <span class='ocrx_word' id='word_1_514' title='bbox 1466 1942 1637 1988; x_wconf 85' lang='lat' dir='ltr'>superius</span> <span class='ocrx_word' id='word_1_515' title='bbox 1660 1943 1713 1978; x_wconf 86' lang='lat' dir='ltr'>di-</span> 
     </span>
     <span class='ocr_line' id='line_1_91' title="bbox 928 1990 1713 2035; baseline -0.003 -8"><span class='ocrx_word' id='word_1_516' title='bbox 928 1990 1036 2035; x_wconf 85' lang='lat' dir='ltr'>xerit,</span> <span class='ocrx_word' id='word_1_517' title='bbox 1070 1993 1270 2035; x_wconf 88' lang='lat' dir='ltr'>angustam</span> <span class='ocrx_word' id='word_1_518' title='bbox 1309 1993 1456 2035; x_wconf 90' lang='lat' dir='ltr'>portam</span> <span class='ocrx_word' id='word_1_519' title='bbox 1493 1994 1529 2025; x_wconf 89' lang='lat' dir='ltr'>et</span> <span class='ocrx_word' id='word_1_520' title='bbox 1570 1993 1713 2026; x_wconf 76' lang='lat' dir='ltr'>arctant</span> 
     </span>
     <span class='ocr_line' id='line_1_92' title="bbox 927 2036 1713 2084; baseline -0.003 -9"><span class='ocrx_word' id='word_1_521' title='bbox 927 2039 1041 2083; x_wconf 86' lang='lat' dir='ltr'>viam,</span> <span class='ocrx_word' id='word_1_522' title='bbox 1055 2048 1138 2084; x_wconf 80' lang='lat' dir='ltr'>quae</span> <span class='ocrx_word' id='word_1_523' title='bbox 1152 2037 1253 2073; x_wconf 86' lang='lat' dir='ltr'>ducit</span> <span class='ocrx_word' id='word_1_524' title='bbox 1272 2037 1320 2073; x_wconf 90' lang='lat' dir='ltr'>ad</span> <span class='ocrx_word' id='word_1_525' title='bbox 1335 2036 1449 2072; x_wconf 87' lang='lat' dir='ltr'>vitam</span> <span class='ocrx_word' id='word_1_526' title='bbox 1464 2037 1481 2072; x_wconf 80' lang='lat'>·?</span> <span class='ocrx_word' id='word_1_527' title='bbox 1493 2039 1537 2072; x_wconf 92' lang='lat' dir='ltr'>Et</span> <span class='ocrx_word' id='word_1_528' title='bbox 1558 2048 1713 2084; x_wconf 86' lang='lat' dir='ltr'>respon-</span> 
     </span>
     <span class='ocr_line' id='line_1_93' title="bbox 927 2085 1717 2130; baseline -0.004 -7"><span class='ocrx_word' id='word_1_529' title='bbox 927 2087 1052 2130; x_wconf 90' lang='lat' dir='ltr'>detur,</span> <span class='ocrx_word' id='word_1_530' title='bbox 1071 2085 1276 2121; x_wconf 90' lang='lat' dir='ltr'>secundum</span> <span class='ocrx_word' id='word_1_531' title='bbox 1296 2085 1546 2128; x_wconf 67' lang='lat' dir='ltr'>Auyustinum</span> <span class='ocrx_word' id='word_1_532' title='bbox 1566 2089 1601 2120; x_wconf 88' lang='lat' dir='ltr'>et</span> <span class='ocrx_word' id='word_1_533' title='bbox 1616 2087 1717 2120; x_wconf 82' lang='lat' dir='ltr'>Hila-</span> 
     </span>
     <span class='ocr_line' id='line_1_94' title="bbox 925 2131 1713 2178; baseline -0.001 -9"><span class='ocrx_word' id='word_1_534' title='bbox 925 2136 1036 2177; x_wconf 75' lang='lat' dir='ltr'>rium,</span> <span class='ocrx_word' id='word_1_535' title='bbox 1066 2133 1165 2178; x_wconf 89' lang='lat' dir='ltr'>quod</span> <span class='ocrx_word' id='word_1_536' title='bbox 1189 2134 1293 2168; x_wconf 88' lang='lat' dir='ltr'>arcta</span> <span class='ocrx_word' id='word_1_537' title='bbox 1314 2132 1372 2166; x_wconf 91' lang='lat' dir='ltr'>vel</span> <span class='ocrx_word' id='word_1_538' title='bbox 1398 2135 1558 2176; x_wconf 84' lang='lat' dir='ltr'>angusta</span> <span class='ocrx_word' id='word_1_539' title='bbox 1578 2131 1638 2168; x_wconf 88' lang='lat' dir='ltr'>via</span> <span class='ocrx_word' id='word_1_540' title='bbox 1658 2132 1713 2168; x_wconf 91' lang='lat' dir='ltr'>di-</span> 
     </span>
     <span class='ocr_line' id='line_1_95' title="bbox 926 2178 1718 2226; baseline -0.003 -8"><span class='ocrx_word' id='word_1_541' title='bbox 926 2181 1036 2225; x_wconf 85' lang='lat' dir='ltr'>citur,</span> <span class='ocrx_word' id='word_1_542' title='bbox 1051 2179 1139 2226; x_wconf 88' lang='lat' dir='ltr'>quia</span> <span class='ocrx_word' id='word_1_543' title='bbox 1155 2181 1332 2225; x_wconf 85' lang='lat' dir='ltr'>angustat</span> <span class='ocrx_word' id='word_1_544' title='bbox 1345 2178 1382 2214; x_wconf 94' lang='lat' dir='ltr'>in</span> <span class='ocrx_word' id='word_1_545' title='bbox 1396 2178 1515 2223; x_wconf 90' lang='lat' dir='ltr'>initio,</span> <span class='ocrx_word' id='word_1_546' title='bbox 1530 2190 1644 2224; x_wconf 86' lang='lat' dir='ltr'>grave</span> <span class='ocrx_word' id='word_1_547' title='bbox 1661 2183 1718 2216; x_wconf 89' lang='lat' dir='ltr'>est</span> 
     </span>
     <span class='ocr_line' id='line_1_96' title="bbox 926 2225 1715 2271; baseline -0.001 -7"><span class='ocrx_word' id='word_1_548' title='bbox 926 2228 1029 2265; x_wconf 91' lang='lat' dir='ltr'>enim</span> <span class='ocrx_word' id='word_1_549' title='bbox 1057 2225 1367 2263; x_wconf 88' lang='lat' dir='ltr'>consuetudinem</span> <span class='ocrx_word' id='word_1_550' title='bbox 1395 2225 1612 2271; x_wconf 84' lang='lat' dir='ltr'>dimittere;</span> <span class='ocrx_word' id='word_1_551' title='bbox 1650 2227 1715 2263; x_wconf 91' lang='lat' dir='ltr'>sed</span> 
     </span>
     <span class='ocr_line' id='line_1_97' title="bbox 927 2273 1713 2322; baseline -0.003 -10"><span class='ocrx_word' id='word_1_552' title='bbox 927 2276 966 2312; x_wconf 89' lang='lat' dir='ltr'>in</span> <span class='ocrx_word' id='word_1_553' title='bbox 989 2285 1170 2322; x_wconf 90' lang='lat' dir='ltr'>processu</span> <span class='ocrx_word' id='word_1_554' title='bbox 1196 2273 1391 2319; x_wconf 88' lang='lat' dir='ltr'>temporis,</span> <span class='ocrx_word' id='word_1_555' title='bbox 1415 2273 1599 2310; x_wconf 82' lang='lat' dir='ltr'>ineffabili</span> <span class='ocrx_word' id='word_1_556' title='bbox 1620 2274 1713 2310; x_wconf 86' lang='lat' dir='ltr'>dile-</span> 
     </span>
     <span class='ocr_line' id='line_1_98' title="bbox 928 2320 1714 2365; baseline -0.003 -6"><span class='ocrx_word' id='word_1_557' title='bbox 928 2322 1063 2359; x_wconf 89' lang='lat' dir='ltr'>ctionis</span> <span class='ocrx_word' id='word_1_558' title='bbox 1084 2321 1284 2357; x_wconf 86' lang='lat' dir='ltr'>dulcedine</span> <span class='ocrx_word' id='word_1_559' title='bbox 1303 2321 1497 2365; x_wconf 89' lang='lat' dir='ltr'>dilatatur,</span> <span class='ocrx_word' id='word_1_560' title='bbox 1519 2320 1616 2357; x_wconf 89' lang='lat' dir='ltr'>sicut</span> <span class='ocrx_word' id='word_1_561' title='bbox 1637 2324 1714 2358; x_wconf 90' lang='lat' dir='ltr'>stu-</span> 
     </span>
     <span class='ocr_line' id='line_1_99' title="bbox 927 2367 1714 2418; baseline -0.003 -11"><span class='ocrx_word' id='word_1_562' title='bbox 927 2369 1103 2418; x_wconf 88' lang='lat' dir='ltr'>pentibus</span> <span class='ocrx_word' id='word_1_563' title='bbox 1120 2368 1295 2405; x_wconf 90' lang='lat' dir='ltr'>dentibus</span> <span class='ocrx_word' id='word_1_564' title='bbox 1315 2371 1446 2414; x_wconf 86' lang='lat' dir='ltr'>gravat</span> <span class='ocrx_word' id='word_1_565' title='bbox 1467 2367 1505 2404; x_wconf 91' lang='lat' dir='ltr'>in</span> <span class='ocrx_word' id='word_1_566' title='bbox 1528 2368 1714 2415; x_wconf 86' lang='lat' dir='ltr'>principio</span> 
     </span>
     <span class='ocr_line' id='line_1_100' title="bbox 928 2415 1715 2462; baseline -0.003 -8"><span class='ocrx_word' id='word_1_567' title='bbox 928 2417 1142 2461; x_wconf 88' lang='lat' dir='ltr'>comedere,</span> <span class='ocrx_word' id='word_1_568' title='bbox 1164 2416 1230 2452; x_wconf 89' lang='lat' dir='ltr'>sed</span> <span class='ocrx_word' id='word_1_569' title='bbox 1247 2421 1380 2462; x_wconf 86' lang='lat' dir='ltr'>postea</span> <span class='ocrx_word' id='word_1_570' title='bbox 1393 2415 1566 2451; x_wconf 89' lang='lat' dir='ltr'>delectat.</span> <span class='ocrx_word' id='word_1_571' title='bbox 1584 2417 1715 2452; x_wconf 87' lang='lat' dir='ltr'>Suavis</span> 
     </span>
     <span class='ocr_line' id='line_1_101' title="bbox 929 2462 1713 2511; baseline -0.004 -10"><span class='ocrx_word' id='word_1_572' title='bbox 929 2476 1018 2511; x_wconf 84' lang='lat' dir='ltr'>ergo</span> <span class='ocrx_word' id='word_1_573' title='bbox 1039 2467 1076 2500; x_wconf 89' lang='lat' dir='ltr'>et</span> <span class='ocrx_word' id='word_1_574' title='bbox 1098 2463 1191 2500; x_wconf 90' lang='lat' dir='ltr'>levis</span> <span class='ocrx_word' id='word_1_575' title='bbox 1228 2466 1285 2499; x_wconf 84' lang='lat' dir='ltr'>est</span> <span class='ocrx_word' id='word_1_576' title='bbox 1314 2462 1482 2509; x_wconf 89' lang='lat' dir='ltr'>impletio</span> <span class='ocrx_word' id='word_1_577' title='bbox 1523 2463 1713 2509; x_wconf 85' lang='lat' dir='ltr'>Evangelii</span> 
     </span>
     <span class='ocr_line' id='line_1_102' title="bbox 930 2509 1715 2556; baseline -0.005 -7"><span class='ocrx_word' id='word_1_578' title='bbox 930 2511 1071 2549; x_wconf 88' lang='lat' dir='ltr'>amanti</span> <span class='ocrx_word' id='word_1_579' title='bbox 1099 2514 1213 2556; x_wconf 85' lang='lat' dir='ltr'>atque</span> <span class='ocrx_word' id='word_1_580' title='bbox 1240 2509 1436 2546; x_wconf 84' lang='lat' dir='ltr'>caritatem</span> <span class='ocrx_word' id='word_1_581' title='bbox 1462 2511 1632 2554; x_wconf 88' lang='lat' dir='ltr'>habenti,</span> <span class='ocrx_word' id='word_1_582' title='bbox 1658 2510 1715 2546; x_wconf 90' lang='lat' dir='ltr'>vel</span> 
     </span>
     <span class='ocr_line' id='line_1_103' title="bbox 929 2557 1716 2606; baseline -0.003 -10"><span class='ocrx_word' id='word_1_583' title='bbox 929 2559 970 2596; x_wconf 90' lang='lat' dir='ltr'>in</span> <span class='ocrx_word' id='word_1_584' title='bbox 987 2569 1193 2606; x_wconf 85' lang='lat' dir='ltr'>progressu</span> <span class='ocrx_word' id='word_1_585' title='bbox 1218 2557 1493 2602; x_wconf 85' lang='lat' dir='ltr'>consuescenti‚</span> <span class='ocrx_word' id='word_1_586' title='bbox 1515 2557 1571 2593; x_wconf 91' lang='lat' dir='ltr'>vel</span> <span class='ocrx_word' id='word_1_587' title='bbox 1598 2558 1635 2593; x_wconf 87' lang='lat' dir='ltr'>in</span> <span class='ocrx_word' id='word_1_588' title='bbox 1653 2568 1716 2594; x_wconf 87' lang='lat' dir='ltr'>re-</span> 
     </span>
     <span class='ocr_line' id='line_1_104' title="bbox 930 2605 1714 2654; baseline -0.005 -10"><span class='ocrx_word' id='word_1_589' title='bbox 930 2610 1058 2654; x_wconf 87' lang='lat' dir='ltr'>spectu</span> <span class='ocrx_word' id='word_1_590' title='bbox 1090 2616 1248 2652; x_wconf 87' lang='lat' dir='ltr'>operum</span> <span class='ocrx_word' id='word_1_591' title='bbox 1284 2605 1408 2652; x_wconf 88' lang='lat' dir='ltr'>Legis,</span> <span class='ocrx_word' id='word_1_592' title='bbox 1446 2605 1505 2642; x_wconf 88' lang='lat' dir='ltr'>vel</span> <span class='ocrx_word' id='word_1_593' title='bbox 1544 2607 1714 2652; x_wconf 87' lang='lat' dir='ltr'>respectu</span> 
     </span>
     <span class='ocr_line' id='line_1_105' title="bbox 931 2652 1371 2702; baseline -0.009 -10"><span class='ocrx_word' id='word_1_594' title='bbox 931 2656 1154 2702; x_wconf 82' lang='lat' dir='ltr'>exspectatae</span> <span class='ocrx_word' id='word_1_595' title='bbox 1173 2652 1371 2690; x_wconf 70' lang='lat' dir='ltr'>mercedis</span> 
     </span>
    </p>
   </div>
  </div>
 </body>
</html>
