1894 3186
149 175 207 210 174
614 171 756 205 PRIMAE
793 169 947 203 PARTIS
982 168 1119 202 CAPUT
1158 169 1313 203 vaml

149 247 293 282 derant.
311 245 407 281 Sunt
423 243 523 280 enim
541 242 660 287 multi,
680 244 717 278 et
731 240 924 288 potissime

149 291 328 338 religiosi,
352 291 414 337 qui
436 290 637 336 dignitates
657 300 698 325 se
718 299 792 324 non
816 297 927 333 appe-

149 342 230 376 tere
260 339 456 381 simulant;
487 337 552 374 sed
586 347 672 373 cum
700 336 924 378 offeruntur,

149 387 323 423 manibus
340 389 376 421 et
395 385 551 432 pedibus
572 382 841 430 promptissimi
863 391 925 416 oc-

150 436 318 477 currunt,
355 436 391 468 et
426 432 499 468 laeti
537 430 756 476 suscipiunt,
784 429 858 464 imo
890 431 927 463 et

176 480 373 525 nandoque
390 479 599 515 voluntarie
619 480 736 514 semet
751 477 927 527 offerunt.

149 491 244 564 gunt
261 526 372 562 etiam
390 537 431 562 ex
449 526 507 562 his
529 525 657 571 aliqui,
674 523 737 570 qui
752 523 789 558 in
808 522 929 567 digni—

147 574 287 611 tatibus
305 574 415 620 positi
432 574 581 619 fingunt
601 583 640 608 se
653 571 749 607 velle
766 581 831 606 eas
849 579 925 604 non

146 622 306 665 habere3
338 621 403 657 sed
434 619 678 656 nihilominus
710 628 777 663 per
804 627 857 668 se,
888 618 926 650 et

148 669 374 705 mediatores
399 670 617 714 procurant,
647 668 684 701 et
710 673 926 715 occasiones

147 726 275 762 quaeru
283 719 323 751 nt
337 714 508 758 sollicite,
518 714 617 759 quod
628 711 772 759 possint
784 711 821 745 in
834 720 925 762 ipsis

146 763 280 799 officiis
300 772 507 798 remanere.
523 763 604 796 Non
625 760 693 795 suit
710 757 924 803 hujusmodi

147 809 335 845 simulatio
365 813 401 845 et
427 808 526 844 fictio
550 807 588 843 in
614 807 786 848 Domino,
814 806 925 856 prout

145 860 248 903 patet
271 868 313 892 ex
333 857 414 901 ejus
438 857 548 891 sacto.
571 853 668 889 Misit
694 852 793 888 enim
813 852 925 887 disci-

144 904 252 949 pulos
276 914 343 948 per
370 914 487 945 mare,
507 912 572 937 nec
599 911 682 936 cum
711 901 764 935 eis
788 908 922 934 navem

145 950 311 993 intravit,
331 961 376 985 ne
396 951 517 985 turbae
539 958 623 984 eum
644 947 742 982 inter
764 944 924 991 discipu-

146 997 201 1032 los
229 999 460 1042 quaererent,
489 998 526 1031 et
551 994 701 1037 deinde,
730 993 820 1038 ipsis
848 1002 922 1027 non

145 1043 440 1086 advertentibus,
458 1044 554 1077 solus
574 1044 613 1076 in
633 1044 783 1075 montem
804 1050 922 1074 ascen-

144 1091 213 1131 dit,
236 1094 272 1126 et
295 1091 347 1126 sic
372 1100 503 1125 manus
523 1098 653 1124 eorum
676 1087 804 1122 evasit.
830 1086 921 1121 Vide

144 1148 231 1173 cum
258 1141 399 1182 quanto
428 1135 551 1171 studio
577 1138 613 1171 et
640 1134 784 1170 cautela
811 1134 919 1178 sugit,

144 1187 178 1220 et
194 1185 392 1219 declinavit
412 1184 607 1219 honorem.
625 1181 842 1226 Exemplum
863 1180 924 1215 de-

143 1231 195 1266 dit
218 1231 340 1274 nobis,
356 1234 395 1266 ut
416 1234 452 1266 et
473 1241 541 1265 nos
556 1229 608 1264 ita
629 1230 821 1264 faciamus.
842 1229 921 1263 Non

142 1277 240 1314 enim
260 1289 326 1323 pro
348 1289 401 1320 se,
422 1277 486 1313 sed
504 1287 571 1322 pro
586 1276 693 1311 nobis
708 1276 812 1320 fugit.
832 1275 923 1319 Cog-

142 1326 319 1361 noscebat.
354 1334 516 1369 namque
547 1327 696 1369 quantae
734 1323 778 1356 sit
802 1325 920 1356 teme-

142 1371 277 1415 ritatis,
312 1371 341 1407 si
376 1372 423 1407 ad
455 1372 619 1406 honores
651 1369 916 1414 aspiceremus.

142 1420 269 1454 Honor
289 1418 386 1454 enim
403 1419 446 1452 (lc
465 1416 669 1462 majoribus
688 1420 743 1451 cst
761 1415 918 1460 laqueis,

142 1469 177 1501 et
197 1465 431 1511 gravioribus
449 1464 677 1510 ponderibus
698 1464 742 1498 ad
766 1464 919 1498 subver-

140 1512 283 1548 sionem
299 1514 525 1555 animarum,
540 1510 616 1546 sive
632 1510 677 1545 sil
693 1511 811 1545 honor
827 1521 921 1554 prae-

139 1558 304 1602 lationis,
329 1559 404 1594 sive
425 1557 618 1605 potentiae,
640 1558 715 1592 sive
738 1556 917 1600 scientim,

139 1605 215 1642 sive
237 1606 428 1641 similium.
457 1605 523 1641 Vix
552 1604 652 1640 enim
675 1604 755 1639 lieri
780 1608 916 1649 potest,

141 1653 256 1698 quod,
293 1653 355 1698 qui
387 1652 426 1688 in
458 1652 603 1687 honore
633 1651 851 1694 delectatur,
879 1650 919 1685 in

140 1699 306 1746 periculo
332 1700 387 1735 vel
416 1698 621 1745 praecipitio
648 1709 720 1732 non
753 1698 817 1741 sit,
846 1697 917 1741 vel,

139 1747 239 1792 quod
259 1750 315 1782 est
342 1747 460 1791 peJus‚
482 1746 560 1790 jam
583 1744 790 1791 praecipitio
814 1744 918 1779 colli-

140 1804 214 1829 sus,
243 1793 405 1829 Ambitio
433 1792 533 1828 enim
559 1796 614 1827 est
640 1791 771 1826 vitium
799 1791 917 1835 pessi-

139 1850 256 1883 mum,
291 1851 333 1876 ac
367 1850 479 1874 causa
511 1842 547 1874 et
578 1838 683 1873 radix
716 1838 917 1873 multorum

141 1887 299 1923 aliorum
316 1885 505 1921 vitiorum.
528 1886 662 1921 Multos
681 1884 817 1930 qnippe
838 1886 918 1919 liaec

140 1933 265 1980 passio
289 1933 340 1969 sic
367 1936 540 1975 excaecat,
564 1936 606 1967 ut
631 1931 744 1967 etiam
772 1942 815 1967 ea
835 1943 917 1977 quse

140 1980 268 2016 multis
294 1980 378 2016 aliis
405 1980 602 2015 manifesta
633 1983 719 2014 sunt
745 1978 815 2024 ipsi
843 1989 917 2014 non

142 2028 313 2071 videant;
337 2027 464 2073 sicque
482 2026 520 2062 in
538 2027 682 2062 foveam
698 2026 829 2071 prima}
844 2026 918 2061 cul-

140 2084 212 2121 pae,
245 2078 281 2110 et
307 2074 442 2110 deinde
472 2075 653 2120 gehennae
689 2074 837 2109 cadant.
875 2075 918 2109 Et

141 2121 229 2167 quid
241 2122 391 2167 prodest
409 2121 477 2165 eis,
491 2121 521 2156 si
533 2121 713 2157 mundum
726 2120 918 2156 lucrentur

140 2168 354 2204 universum
377 2168 520 2213 seipsos
540 2172 663 2204 autem
685 2168 857 2212 perdant,
879 2171 917 2203 et

140 2215 408 2251 detrimentum
445 2215 502 2251 sui
540 2215 706 2251 faciant?
744 2215 781 2251 Si
820 2216 915 2251 forte

138 2262 383 2298 blandiuntur
406 2262 475 2298 sibi
499 2262 613 2308 aliqui
634 2261 823 2298 ambitiosi
843 2263 911 2298 sub

139 2308 263 2354 specie
281 2309 372 2344 lucri
393 2309 616 2353 animarum,
639 2310 745 2354 quasi
768 2308 820 2344 sie
841 2320 916 2345 me-

138 2355 209 2391 lius
227 2359 378 2401 possent
396 2356 589 2392 intendere
613 2356 722 2393 saluti
739 2356 911 2392 aliorum.

139 2402 281 2446 Quibus
299 2404 505 2437 Bernarclus
524 2404 738 2448 respondet,
756 2403 885 2438 dicens
903 2415 911 2438 :

141 2462 160 2483 «
183 2449 330 2484 Utinam
358 2449 523 2494 quisquis
549 2450 601 2485 sic
627 2450 756 2492 intrat,
780 2449 810 2485 si
831 2450 915 2486 fieri

139 2499 279 2542 posset,
289 2499 365 2531 tam
377 2496 539 2531 fideliter
547 2496 787 2538 ministraret,
800 2507 914 2542 quam

140 2542 365 2578 fiducialiter
398 2554 436 2578 se
472 2543 644 2588 ingessit!
682 2545 727 2579 At
761 2543 913 2580 difficile

140 2589 309 2625 fortassis
348 2591 384 2624 et
418 2589 646 2635 impossibile
683 2594 752 2634 est,
794 2594 833 2626 ut
871 2602 914 2627 ex

141 2647 271 2672 amara
294 2635 420 2672 radice
446 2636 660 2672 ambitionis
686 2637 810 2673 suavis
835 2637 912 2673 fru-

141 2686 220 2719 ctus
251 2684 408 2729 prodeat
436 2683 614 2719 caritatis.
645 2697 664 2716 »
699 2684 785 2728 Sed,
819 2684 909 2720 heul

141 2730 389 2767 communiter
402 2730 513 2766 hodie
527 2730 649 2766 honor
661 2733 699 2766 et
711 2741 786 2766 non
801 2741 910 2776 onus,

140 2777 261 2824 gloria
295 2780 333 2814 et
362 2788 440 2814 non
464 2788 577 2825 poena
604 2777 810 2815 attenditur
836 2788 845 2814 t
872 2781 911 2815 et

1000 238 1154 274 honoris
1181 249 1317 275 nomen
1342 249 1418 274 non
1438 237 1585 273 virtutis
1606 241 1769 275 tenetur.

1001 286 1106 321 Unde
1132 285 1232 322 idem
1251 286 1458 322 Bernardus
1479 297 1490 320 ε
1516 298 1533 318 «
1556 284 1725 321 Curritur
1748 296 1772 323 a

1001 332 1100 368 clero
1118 335 1256 379 passim
1270 334 1316 369 ab
1331 333 1433 368 omni
1450 334 1559 367 aetate
1577 336 1613 367 et
1626 332 1770 378 ordine,

1001 391 1024 416 a
1043 380 1161 416 doctis
1177 380 1317 426 pariter
1335 385 1373 416 et
1391 379 1566 424 indoctis,
1588 379 1635 414 ad
1655 380 1772 415 eccle-

1002 426 1168 463 siasticas
1199 438 1322 471 curas,
1349 430 1541 472 tamquam
1570 426 1650 461 sine
1677 425 1774 462 curis

998 474 1076 520 jam
1099 475 1253 521 quisque
1270 474 1437 510 victurus
1456 473 1517 517 sit,
1540 484 1624 509 cum
1644 473 1691 508 ad
1711 483 1776 508 cu-

1001 532 1062 557 ras
1082 522 1306 567 pervenerit.
1329 521 1434 557 Multi
1455 531 1531 556 non
1551 523 1655 556 tanta
1675 520 1770 556 fidu-

1001 570 1058 604 cia
1074 574 1111 604 et
1120 569 1312 605 alacritate
1327 571 1520 604 currerent
1534 568 1580 603 ad
1594 568 1771 612 honores,

1000 615 1030 651 si
1064 627 1144 652 esse
1175 616 1356 652 sentirent
1380 619 1417 651 et
1450 625 1578 650 onera.
1618 612 1772 650 Gravari

998 663 1163 708 profecto
1196 665 1419 707 metuerent,
1453 672 1521 697 nec
1551 672 1634 697 cum
1665 664 1770 697 tanto

998 710 1126 747 labore
1153 716 1189 746 et
1210 710 1376 755 periculo
1404 708 1655 754 quarumlibet
1680 708 1773 744 affe-

998 762 1142 793 ctarent
1161 758 1299 793 infulas
1313 757 1548 802 dignitatum.
1564 757 1667 791 Nunc
1688 765 1775 792 vero

999 804 1085 850 quia
1106 805 1185 840 sola
1202 805 1407 840 attenditur
1420 803 1539 849 gloria
1553 807 1588 838 et
1608 814 1682 838 non
1700 813 1775 848 pce-

998 862 1059 897 na,
1081 863 1214 897 purum
1241 862 1323 887 esse
1348 851 1522 887 clericum
1543 851 1774 886 erubescitur

998 899 1036 934 in
1062 900 1243 943 Ecclesia3
1272 909 1385 944 seque
1408 898 1500 933 viles
1525 900 1712 933 aestimant
1737 899 1774 932 et

997 946 1192 991 inglorios,
1214 947 1276 990 qui
1298 956 1531 990 quocumque
1549 945 1771 980 eminentio-

996 993 1027 1027 ri
1049 994 1129 1028 loco
1153 1003 1224 1027 non
1245 993 1383 1028 suerint
1403 991 1606 1027 sublimati.-
1629 1006 1646 1022 »ι
1669 991 1770 1026 Idem

997 1039 1109 1075 etiam
1129 1040 1348 1079 Rernardus,
1363 1038 1471 1084 quasi
1487 1038 1768 1083 subsannando,

996 1087 1199 1130 alloquitur
1232 1085 1482 1128 ambitiosum,
1520 1087 1570 1120 sic
1602 1085 1729 1120 dicens
1756 1097 1768 1119 .-

999 1148 1016 1166 «
1040 1135 1118 1178 Age
1137 1144 1239 1177 crgo,
1262 1132 1440 1178 quoniam
1460 1133 1695 1167 durissimum
1705 1132 1770 1175 ju-

996 1182 1132 1216 dicium
1154 1182 1210 1214 his
1231 1182 1295 1224 qui
1313 1183 1474 1225 praeszmt
1494 1179 1571 1223 fiet,
1594 1184 1631 1214 et
1650 1182 1771 1223 poten-

997 1231 1047 1263 tes
1071 1231 1234 1273 potenter
1264 1230 1440 1262 tormenta
1469 1228 1676 1272 patientur!
1701 1227 1769 1262 As-

997 1276 1122 1310 cendit
1146 1274 1321 1320 superbia
1343 1277 1409 1309 tua
1431 1284 1590 1318 semper,
1613 1283 1770 1317 sequere

996 1332 1122 1367 regem
1150 1326 1268 1363 tuum,
1297 1331 1406 1356 omne
1432 1321 1590 1356 sublime
1620 1320 1769 1356 videant

995 1369 1090 1405 oculi
1105 1370 1155 1404 tui
1170 1380 1178 1411 ;
1192 1369 1328 1403 festina
1340 1368 1586 1413 multiplicare
1604 1368 1770 1412 prichen-

994 1417 1074 1457 das,
1094 1417 1132 1450 in
1153 1416 1495 1451 archidiaconatum
1517 1415 1611 1457 vola,
1633 1414 1769 1449 deinde

994 1463 1096 1508 spira
1117 1463 1163 1498 ad
1179 1463 1448 1508 episcopatum,
1467 1473 1534 1497 nec
1553 1461 1600 1497 ibi
1619 1463 1767 1505 quidem

994 1510 1161 1555 requiem
1188 1509 1394 1552 habiturus,
1417 1510 1593 1554 quoniam
1618 1510 1669 1543 sic
1696 1508 1769 1543 itur

993 1557 1039 1592 ad
1067 1561 1180 1592 astra.
1204 1558 1281 1599 Quo
1306 1556 1557 1601 progrederis,
1582 1567 1603 1590 o
1631 1554 1769 1591 miser?

992 1606 1060 1647 An,
1083 1608 1120 1639 ut
1143 1605 1188 1638 ab
1211 1603 1332 1638 altiori
1353 1603 1469 1649 gradu
1493 1602 1539 1637 sit
1560 1613 1666 1638 casus
1684 1614 1769 1647 gra-

993 1651 1097 1686 vior?
1118 1652 1241 1696 Neque
1267 1649 1367 1685 enim
1391 1652 1442 1685 sic
1465 1650 1642 1695 paulatim
1664 1648 1764 1686 decl-

992 1699 1076 1741 des;
1095 1698 1173 1741 sed,
1191 1702 1380 1742 tamquam
1395 1697 1531 1743 fulgur,
1546 1696 1686 1742 impetu
1703 1708 1764 1733 ve-

992 1744 1172 1788 hementi,
1203 1745 1309 1789 quasi
1342 1744 1437 1779 alter
1463 1745 1618 1779 Satanas
1645 1744 1764 1780 subito

991 1792 1178 1836 dejicieris
1202 1803 1210 1826 z
1234 1805 1251 1822 »
1272 1792 1351 1826 haec
1368 1792 1588 1826 Bernartius.
1611 1791 1711 1826 Unde
1730 1795 1766 1827 et

990 1841 1230 1882 Hieronymus
1264 1849 1272 1872 :
1309 1852 1327 1870 «
1354 1838 1539 1872 Laetamnr
1565 1838 1610 1872 ad
1635 1849 1765 1873 ascen-

993 1897 1089 1923 sum.
1108 1887 1305 1920 timeamus
1326 1885 1487 1929 lapsuum
1503 1895 1577 1919 non
1596 1888 1650 1919 cst
1672 1885 1763 1920 tanti

992 1932 1117 1978 gandii
1138 1932 1281 1967 excelsa
1302 1930 1477 1974 tenuisse,
1502 1932 1630 1976 quanti
1650 1936 1766 1968 trrro-

991 1980 1041 2015 ris
1061 1980 1106 2014 de
1130 1978 1283 2015 excelsis
1305 1978 1481 2014 cecidisse
1503 1989 1511 2013 2
1535 1992 1552 2010 »
1574 1979 1653 2014 haec
1679 1981 1765 2014 Hie-

990 2037 1173 2071 ronymus.
1202 2027 1345 2061 Timcat
1368 2036 1456 2070 ergo
1482 2025 1700 2061 ambitiosus
1725 2029 1761 2062 et

990 2085 1028 2110 se
1046 2075 1225 2119 corrigat;
1252 2084 1296 2108 ne
1319 2073 1418 2119 apud
1438 2072 1608 2107 homines
1626 2073 1765 2108 exalta-

990 2124 1048 2156 tus
1067 2124 1104 2156 et
1124 2121 1171 2156 ad
1192 2124 1339 2165 tempus
1358 2119 1458 2155 falsis
1478 2120 1619 2154 florens
1641 2120 1762 2164 bonis,

989 2168 1087 2214 apud
1102 2169 1221 2203 Deum
1234 2166 1463 2210 humilietur,
1479 2170 1514 2202 et
1526 2166 1564 2201 in
1579 2170 1759 2207 aeternum

988 2215 1085 2251 veris
1112 2218 1241 2260 pereat
1264 2213 1468 2249 tormentis.
1492 2214 1635 2256 Quanto
1661 2214 1760 2249 enim

990 2263 1121 2308 majori
1138 2263 1279 2297 honore
1296 2261 1515 2296 sublimatus
1530 2260 1613 2305 quis
1630 2260 1758 2304 suerit;

988 2312 1092 2345 tanto
1124 2308 1276 2354 majoris
1316 2307 1458 2343 virtutis
1496 2307 1641 2343 debitor
1673 2307 1758 2351 erit,

988 2359 1052 2392 aut
1077 2355 1210 2402 majori
1235 2354 1416 2401 supplicio
1440 2354 1657 2399 subjacebit.
1688 2356 1760 2390 Ho-

987 2414 1097 2439 nores
1116 2402 1215 2439 enim
1235 2405 1320 2438 sunt
1340 2401 1446 2448 quasi
1468 2402 1638 2447 quaedam
1660 2401 1760 2448 ligna

987 2451 1035 2486 ad
1059 2449 1379 2496 augmentandum
1405 2449 1531 2494 ignem
1564 2450 1601 2483 in
1636 2448 1759 2484 futura

986 2508 1109 2543 poena.
1129 2496 1233 2533 Unde
1248 2497 1517 2541 Chrysostomus
1534 2507 1542 2531 ε
1564 2508 1581 2529 «
1602 2494 1759 2531 Honoris

985 2543 1169 2590 siquidem
1180 2543 1396 2589 magnitudo
1407 2543 1479 2584 his,
1491 2542 1635 2588 quinon
1647 2541 1758 2587 digne

986 2590 1113 2626 vivunt
1128 2590 1168 2626 in
1182 2591 1338 2634 honore,
1351 2589 1520 2626 cumulus
1531 2588 1659 2634 incipit
1673 2599 1751 2624 esse

986 2648 1181 2685 poenarum
1209 2648 1218 2672 t
1249 2650 1267 2669 »
1294 2637 1375 2672 haec
1404 2638 1684 2681 chrysostomus.
1712 2636 1756 2670 Et

985 2690 1072 2721 tunc
1095 2683 1312 2721 ambitiosus
1338 2683 1478 2719 nullam
1498 2682 1665 2728 requiem
1686 2682 1752 2718 ha-

984 2731 1105 2776 bebit;
1133 2731 1228 2767 sicut
1254 2741 1321 2767 nec
1348 2730 1388 2766 in
1414 2731 1591 2777 praesenti
1617 2730 1754 2765 habere

983 2778 1112 2816 voluit.
1135 2779 1206 2815 Cor
1220 2777 1321 2815 enim
1340 2776 1530 2815 ambitiosi
1551 2785 1754 2822 numquam
