1894 3186
247 205 297 237 DE
336 202 541 243 QUATUOR
580 201 634 234 AD
671 200 864 240 TURBAS,
904 202 955 235 ΕΤ
992 201 1151 235 TRIBUS
1190 201 1244 234 Ab
1284 201 1446 236 DISCIP.
1487 204 1641 239 PARAB.
1711 206 1768 240 147

131 275 352 321 designatur
370 271 548 320 mysticus
562 269 774 307 intellectus
791 282 799 316 3
825 271 913 318 quia

131 323 199 359 sub
213 321 338 359 verbis
349 317 588 367 parabolicis,
599 317 694 354 alius
709 329 841 356 sensus
856 322 913 356 est

130 380 198 416 per
234 369 465 405 intellectum
502 364 763 412 requirendus.
798 368 911 403 Item-

128 428 213 464 que,
230 416 435 453 secundum
446 414 595 458 Bedam,
611 422 721 449 aures
735 414 911 451 audiendi

132 468 218 502 sunt
231 474 341 501 aures
353 461 477 499 cordis
495 464 532 498 et
546 470 679 497 sensus
695 462 908 507 interiores,

135 512 276 549 scilicet
296 507 672 555 auresintelligendi,
694 509 910 554 obediendi,

132 562 168 596 et
203 557 366 595 faciendi
393 567 478 603 quae
505 557 609 603 justa
646 559 745 592 sunt.
785 557 912 593 Iunuit

132 617 222 653 ergo
261 605 447 652 triplicem
500 603 683 646 auditum,
727 604 870 640 scilicet
899 617 909 641 :

129 653 330 698 sentiendi,
359 651 609 698 intelligendi,
634 653 671 686 et
694 651 907 688 obediendi.

132 701 283 738 Primus
321 703 377 736 est
405 700 568 736 exterior
593 698 633 733 in
668 708 840 745 corpore,
863 699 909 735 de

128 759 202 796 quo
223 749 313 785 dicit
334 761 344 783 .·
364 748 434 791 Qui
450 747 556 782 habet
573 755 702 788 aures;
724 747 909 782 secundus

128 796 285 833 interior
319 795 357 831 in
386 797 525 838 mente,
560 792 607 829 de
639 802 713 838 quo
744 794 871 830 subdit
898 805 907 830 t

128 844 327 887 audiencli;
352 841 489 878 tertius
510 844 710 885 utrumque
742 841 908 887 comple-

127 895 245 935 ctens,
271 891 317 926 de
337 900 410 936 quo
437 888 541 926 addit
562 900 571 923 :
594 888 736 924 audiat.
761 889 909 925 Primus

125 938 275 975 auditus
296 941 352 974 est
370 936 562 979 sensitive,
589 936 777 972 secundus
798 935 908 972 intel-

127 985 272 1031 lective,
307 984 514 1030 tertiusque
549 982 734 1020 affective.
766 985 819 1020 De
851 983 910 1020 his

129 1032 265 1070 dicitur
282 1032 321 1068 in
338 1032 486 1068 Psalmo
503 1029 752 1078 perordinem
767 1044 777 1067 :
794 1032 909 1076 Audi,

127 1082 220 1126 filia,
231 1080 355 1127 quoad
370 1079 552 1126 primum3
571 1080 604 1113 e:
615 1077 711 1122 vide,
722 1079 845 1125 quoad
858 1089 912 1115 se-

129 1129 307 1172 cundum;
331 1132 364 1163 et
383 1128 523 1163 inclina
541 1135 665 1161 cim-em
683 1129 797 1170 tuam,
818 1136 911 1172 quo—

128 1175 176 1211 ad
190 1175 355 1211 tertium.
377 1175 519 1211 Dicitur
536 1176 572 1209 et
591 1171 629 1207 in
646 1172 715 1209 Job
737 1184 745 1208 :
767 1174 913 1209 Audita

127 1224 230 1259 (iuris
256 1222 386 1258 audivi
407 1225 452 1258 te.
489 1223 530 1257 In
559 1220 632 1256 hoc
660 1223 788 1257 autem
813 1220 914 1266 quod

125 1272 234 1306 Jesus
260 1271 333 1305 haec
359 1270 482 1305 dicens
509 1267 716 1310 clamabat,
746 1267 914 1313 tangitur

130 1315 349 1363 magnitudo
389 1316 546 1353 affectus
582 1314 663 1360 ejus
700 1315 739 1351 in
774 1314 912 1362 praedi-

127 1364 260 1401 cando.
283 1364 434 1400 Clamor
454 1363 557 1400 enim
574 1361 646 1400 iste
664 1362 813 1409 signum
833 1365 913 1399 erat

128 1411 254 1457 magni
273 1412 428 1448 affectus
444 1409 485 1446 in
502 1410 597 1457 ipso.
615 1413 668 1448 De
684 1411 755 1446 hoc
772 1410 912 1446 clamo-

128 1470 167 1496 re
180 1459 317 1495 Christi
330 1458 382 1495 sic
394 1458 484 1495 dicit
498 1460 730 1502 Auqustinus
747 1469 756 1494 ι
773 1472 791 1490 «
811 1460 912 1494 Into-

126 1506 207 1543 nuit
219 1506 405 1543 Dominus
420 1507 439 1543 J
443 1516 529 1542 esus
543 1506 712 1544 Christus
730 1505 911 1549 clamans,

127 1553 247 1598 dictis,
271 1553 392 1597 factis,
414 1563 518 1597 voce,
540 1555 632 1600 vita,
654 1553 852 1596 descensu,
877 1556 914 1588 et

129 1611 302 1646 ascensu,
320 1603 362 1637 ut
380 1600 580 1639 redeamus
593 1602 640 1639 ad
659 1600 914 1636 eum.Clamat
954 1599 955 1602 ’

130 1647 268 1693 surdis,
290 1651 332 1684 ut
352 1647 507 1684 audiant
526 1659 535 1692 3
564 1650 701 1686 clamat
721 1646 912 1683 (1011111011-
953 1646 955 1652 “

133 1696 243 1740 tibus,
266 1699 306 1732 ut
322 1695 521 1741 evigilent3
540 1697 678 1733 clamat
688 1693 913 1731 transeunti-

84 1772 87 1776 .
133 1746 212 1787 buS,
236 1746 277 1779 ut
298 1742 520 1786 atteiidant3
543 1744 681 1781 clamat
703 1741 912 1788 ignoranti—

129 1791 214 1835 bus,
225 1793 265 1825 ut
278 1789 492 1836 intelligant
506 1801 514 1834 ;
531 1792 669 1828 clamat
680 1790 910 1833 errantibus,

129 1840 171 1873 ut
196 1837 379 1882 redeant3
415 1837 554 1875 clamat
573 1837 849 1886 peccatoribus,
870 1840 912 1872 ut

125 1932 261 1976 cando,
291 1931 465 1968 clamavit
488 1937 525 1969 et
548 1934 706 1977 orando,
735 1931 910 1969 clamavit

129 1981 311 2016 Lazarum
339 1979 614 2024 resuscitando,
637 1979 811 2016 clamavit
830 1983 911 2015 tan-

128 2026 212 2062 dem
234 2025 429 2063 moriendo
447 2038 455 2071 3
481 2028 723 2074 quotidieque
746 2027 784 2062 in
805 2026 909 2062 coelis

125 2073 287 2110 existens
311 2074 447 2110 clamat
469 2075 517 2111 ad
539 2086 622 2120 nos,
649 2074 779 2111 dicens
805 2085 813 2110 :
843 2076 910 2111 Ve-

124 2123 199 2157 nite
215 2121 264 2157 ad
283 2132 338 2156 me
358 2132 477 2158 omnes
498 2124 563 2168 qui
581 2123 759 2158 laboratis
781 2125 813 2158 et
832 2132 909 2158 one-

124 2171 204 2204 rati
223 2170 323 2214 estis,
351 2173 385 2206 et
404 2180 466 2214 090
486 2171 647 2216 reficiam
669 2180 744 2205 vos.
774 2171 818 2205 Et
841 2180 909 2205 nos

126 2215 252 2252 miseri
270 2217 391 2253 adhuc
405 2219 531 2253 tantos
544 2218 727 2254 clamores
746 2220 908 2253 contem-

125 2262 247 2299 ninius
269 2274 278 2299 :
301 2277 320 2297 »
345 2264 426 2300 haec
446 2265 692 2309 Auqustimcs,

175 2313 214 2347 15
237 2311 311 2347 CUR
334 2312 509 2349 CHRISTUS
534 2325 571 2349 ix
597 2324 792 2349 mamonis
820 2324 906 2349 inii-

128 2369 181 2393 iiis
201 2360 462 2399 LOQUERETUR‘?
484 2361 762 2406 szc‚dimissis
775 2361 905 2401 turbis,

124 2415 209 2450 quae
230 2416 316 2441 cum
334 2417 410 2442 uon
431 2406 775 2454 interrogaverunt,
794 2410 831 2443 et
849 2418 906 2443 se-

125 2452 262 2489 cedens
281 2463 304 2489 a
322 2453 558 2500 tumultibus,
573 2457 671 2492 venit
690 2457 730 2491 in
748 2456 906 2499 domum,

126 2501 168 2536 ut
185 2499 361 2547 discipuli
380 2504 573 2548 tamquam
587 2501 778 2550 digniores
796 2503 909 2539 habe-

125 2549 211 2583 rent
231 2548 551 2594 opportunitatem
580 2549 774 2596 quaerendi
794 2552 832 2586 et
857 2550 909 2585 in-

124 2595 343 2641 terrogandi
368 2606 467 2632 eum.
489 2599 537 2633 Et
561 2596 660 2634 illico
683 2600 909 2634 accesserunt

126 2641 175 2677 ad
189 2652 268 2678 eum
279 2643 454 2689 discipuli
465 2644 559 2690 ejus,
572 2647 765 2692 tamquam
776 2644 909 2681 famili-

126 2698 225 2736 ares,
237 2700 314 2726 non
328 2693 406 2726 tam
426 2701 599 2738 corpore,
616 2703 730 2739 quam
742 2691 909 2728 discendi

125 2734 332 2783 voluntate,
360 2742 572 2784 quaerentes
593 2750 602 2776 :
628 2740 746 2784 Quare
770 2742 810 2775 in
839 2750 909 2785 pa-

127 2782 279 2826 rabolis,
303 2785 508 2830 loqueretur
532 2788 596 2832 eis,
618 2786 657 2823 id
675 2790 743 2830 est,
774 2786 909 2832 turbis,

951 281 954 315 τ
990 271 1045 309 015
1071 272 1272 318 parabolas
1299 276 1512 318 exponeret.
1542 275 1636 319 Quia
1667 276 1768 314 enim

952 318 953 329 ¹
987 318 1248 367 percipiebant
1269 319 1457 357 Christum
1478 323 1632 369 mystice
1650 324 1767 371 loqui,

984 367 1215 414 quaesierunt
1231 366 1459 404 intellectum
1476 373 1512 405 et
1524 370 1594 407 sibi
1613 382 1766 409 sensum

984 414 1132 462 exponi.
1143 415 1214 458 Qui
1220 416 1452 461 respondens,
1463 419 1602 454 aitillis
1614 432 1624 454 :
1639 420 1764 464 Vobis,

951 475 952 489 1
987 462 1239 506 credentibus,
1276 461 1382 499 vobis
1406 463 1626 510 humilibus,
1658 466 1764 504 vobis

951 511 952 538 ἓ
985 509 1260 554 obedientibus,
1285 509 1392 546 vobis
1419 511 1509 547 mihi
1539 514 1765 551 adhaerenti-

989 558 1061 594 bus
1081 560 1118 594 et
1139 557 1300 602 dilectis,
1326 557 1432 594 vobis
1452 560 1591 595 mundo
1614 562 1771 608 abJectis

989 608 1027 641 et
1049 604 1204 649 odiosis,
1232 604 1340 642 vobis
1367 606 1593 651 volentibus,
1617 611 1654 644 et
1679 608 1768 646 sim-

988 652 1138 699 pliciter
1157 652 1296 699 dignis,
1319 663 1362 688 ac
1389 653 1524 690 vestris
1548 655 1771 701 sequacibus

987 700 1035 737 ad
1055 711 1116 737 1110
1135 699 1418 745 accedentibuS,
1437 702 1565 738 clatum
1585 706 1650 744 est,
1673 702 1769 740 divi-

985 747 1099 789 nitus,
1128 751 1165 784 et
1189 758 1232 784 ex
1260 747 1338 783 sola
1363 748 1484 794 gratia
1516 749 1595 794 Dei,
1624 761 1699 787 non
1728 760 1770 788 ex

983 795 1119 831 merito
1135 798 1272 840 vestro,
1286 806 1389 831 nosse
1406 799 1548 842 aperte,
1570 798 1649 834 sine
1663 809 1771 845 para—

986 844 1156 879 bolarum
1191 841 1436 888 involutione,
1462 848 1639 889 mysteria
1667 850 1772 890 regma*

983 892 1150 927 coelorum
1171 889 1235 925 :id
1258 894 1312 926 est
1332 894 1476 927 secreta
1496 895 1533 928 et
1554 893 1769 940 intelligen-

985 938 1077 975 tiam
1114 948 1231 974 sacrae
1255 937 1470 984 Scripturae,
1491 950 1573 984 quae
1607 941 1773 978 continet

989 989 1131 1022 statuta
1153 989 1266 1031 atque
1288 985 1439 1021 decreta
1460 986 1559 1023 illius
1582 987 1688 1034 regni
1709 999 1775 1025 seu

989 1032 1119 1070 abdita
1143 1061 1151 1077 ,
1193 1035 1230 1069 et
1269 1032 1569 1079 profunditatem
1606 1035 1774 1072 veritatis

990 1080 1239 1126 Evangeticae,
1264 1091 1348 1126 quin
1390 1080 1491 1116 ducit
1530 1082 1577 1118 ad
1612 1093 1771 1129 regnum

952 1130 954 1135 ’
987 1128 1153 1164 coeleste.
1186 1127 1266 1172 Vel,
1286 1127 1505 1173 mysterium
1530 1130 1636 1175 regni
1663 1130 1773 1167 coelo—

953 1176 955 1185 '
987 1185 1085 1219 rum,
1114 1173 1153 1210 id
1187 1177 1243 1210 est
1272 1174 1448 1211 Ecclesiae
1471 1176 1669 1214 militantis
1694 1177 1772 1214 sive

954 1246 955 1249 =
987 1221 1270 1275 triumphantis.
1306 1222 1475 1269 Apostoli
1524 1224 1625 1260 enini
1663 1229 1770 1261 erant

988 1280 1095 1316 quasi
1123 1269 1345 1307 fundatores
1370 1270 1545 1307 Ecclesiae
1564 1276 1648 1318 post
1667 1272 1771 1308 Chri-

954 1359 955 1362 *
988 1321 1106 1362 stum;
1147 1320 1184 1354 et
1214 1316 1314 1362 ideo,
1339 1317 1386 1354 ad
1422 1317 1524 1364 ipsos
1552 1318 1769 1365 pertinebat

988 1364 1084 1401 scire
1101 1367 1245 1402 secreta
1258 1364 1446 1410 Ecclesiae,
1465 1366 1511 1402 de
1533 1367 1668 1413 quibus
1689 1371 1771 1405 erat

988 1422 1189 1459 processus
1216 1412 1393 1449 Ecclesiae
1423 1424 1542 1460 usque
1575 1415 1623 1451 ad
1654 1415 1768 1452 finem

954 1458 955 1479 ³
988 1459 1133 1502 mundi,
1174 1459 1263 1506 quia
1314 1460 1387 1497 ista
1426 1464 1533 1497 erant
1571 1462 1696 1499 futura
1732 1464 1770 1499 in

954 1507 955 1510 ’
988 1506 1115 1543 divina
1149 1506 1396 1553 dispositione
1422 1508 1699 1555 praeordinata;
1735 1514 1771 1547 et

988 1554 1091 1590 istud
1127 1556 1253 1601 potest
1288 1554 1349 1590 1110
1388 1556 1515 1592 vocari
1557 1559 1770 1602 mysterium

986 1603 1091 1646 regni
1109 1603 1289 1643 coelorum,
1309 1601 1348 1638 id
1367 1605 1423 1638 est
1440 1606 1626 1640 secretum
1642 1605 1768 1641 Eccle-

987 1648 1050 1685 siae
1070 1670 1117 1676 -
1136 1648 1213 1685 Illis
1231 1652 1371 1693 autem,
1398 1650 1434 1685 id
1458 1654 1514 1686 est
1538 1651 1686 1696 ceteris,
1706 1652 1769 1699 qui

953 1697 954 1744 J
986 1696 1079 1732 foris
1100 1699 1200 1741 sunt,
1226 1696 1305 1743 qui,
1326 1697 1463 1733 clausis
1482 1698 1669 1744 sensibus,
1692 1710 1767 1735 11011

987 1747 1120 1780 curant
1148 1743 1292 1780 intrare
1314 1747 1352 1781 et
1377 1756 1605 1791 cognoscere
1626 1746 1768 1784 verita-

951 1805 953 1808 ·
986 1795 1076 1835 tem,
1107 1790 1250 1844 scili-cet
1278 1792 1499 1838 vulgaribus
1530 1793 1665 1839 turbis,
1701 1805 1767 1831 seu

221 1885 245 1921 't
322 1887 336 1920 t
386 1885 570 1922 Clamfflit
606 1885 745 1932 quippe
772 1884 890 1931 praedi
950 1886 951 1900 ἵ
986 1838 1101 1875 etiam
1116 1839 1257 1876 Scribis
1276 1842 1313 1875 et
1329 1839 1530 1876 pharisaeis
1546 1840 1765 1886 incredulis,

126 1895 229 1931 poeni
249 1895 319 1921 ean
341 1914 348 1921 .
531 1897 537 1909 1
899 1906 908 1911 -
950 1925 952 1935 ‚

983 1897 1059 1923 non
1097 1889 1155 1922 est
1193 1887 1338 1931 datum,
1374 1898 1498 1933 neque
1543 1899 1765 1925 concessum

950 1937 951 1941 ’
983 1934 1056 1970 ista
1075 1933 1300 1980 intelligere,
1318 1938 1357 1971 et
1379 1938 1534 1981 propter
1547 1937 1618 1972 hoc
1638 1937 1766 1983 loque—

983 1983 1096 2018 batur
1116 1981 1170 2018 eis
1183 1981 1273 2018 talia
1286 1983 1515 2029 parabolice,
1530 1987 1570 2019 ut
1587 1984 1765 2026 videntes,

949 2028 951 2066 ζ
983 2029 1022 2066 id
1039 2032 1095 2066 est
1114 2028 1242 2066 videre
1261 2040 1301 2066 se
1321 2034 1552 2076 reputantes,
1573 2042 1645 2067 non
1664 2032 1765 2067 cide-

949 2113 950 2119 ,
983 2080 1049 2113 ant
1076 2077 1283 2114 secundum
1313 2077 1524 2123 veritatem,
1552 2082 1585 2115 et
1616 2079 1766 2115 audien-

949 2122 950 2151 fi
984 2128 1049 2169 tes,
1060 2124 1100 2160 id
1120 2128 1177 2161 est
1195 2124 1406 2170 intelligere
1424 2136 1464 2161 se
1483 2128 1674 2172 putantes,
1695 2137 1764 2163 non

949 2173 950 2219 3
983 2172 1208 2217 intelligant,
1252 2172 1477 2209 sententiani
1516 2173 1763 2219 interlorem3

949 2228 951 2266 j
982 2229 1072 2256 nam
1105 2220 1188 2255 haec
1213 2222 1269 2255 est
1303 2230 1381 2256 una
1416 2231 1615 2257 causarum
1648 2231 1765 2267 quare

988 2266 1168 2303 Dominus
1186 2266 1411 2313 loquebatur
1432 2267 1471 2303 in
1497 2269 1703 2315 parabolis,
1723 2272 1762 2305 ui

949 2325 950 2343 1
984 2313 1126 2350 scilicet
1150 2313 1289 2351 veritas
1309 2315 1562 2352 occultaretur
1583 2315 1708 2362 malis,
1730 2322 1763 2353 et

949 2362 951 2403 ξ
982 2360 1074 2397 boni
1107 2361 1155 2397 ad
1190 2360 1462 2408 inquirendum
1501 2367 1766 2400 exercerentur

950 2414 951 2418 ’
984 2408 1024 2444 111
1044 2408 1111 2445 015.
1135 2409 1242 2446 Unde
1268 2408 1438 2456 sequitur
1459 2422 1467 2446 :
1490 2412 1561 2454 Qui
1581 2413 1676 2447 enim
1699 2413 1763 2447 Ιια-

950 2465 951 2470 ’
986 2456 1054 2498 bet,
1087 2455 1230 2493 scilicet
1261 2467 1430 2493 amorem
1457 2457 1576 2501 verbi,
1616 2459 1767 2495 dabitur

950 2514 951 2548 }
985 2505 1030 2549 ei,
1053 2502 1197 2540 scilicet
1227 2503 1478 2550 intelligentia
1508 2504 1612 2542 verbi
1633 2505 1764 2551 amati,

950 2554 951 2594 j
985 2554 1018 2587 et
1055 2551 1273 2598 abundabit,
1296 2552 1440 2588 scilicet
1479 2563 1594 2589 sensu
1626 2552 1765 2590 intelli-

950 2615 951 2625 *
985 2597 1101 2645 gendi
1123 2610 1132 2635 ε
1160 2597 1251 2646 quia
1276 2600 1504 2636 habentibus
1526 2600 1765 2637 devotionem

950 2674 951 2691 3
985 2650 1022 2682 et
1042 2645 1159 2682 fidem
1182 2646 1291 2683 datus
1312 2650 1369 2684 est
1394 2658 1504 2684 verus
1526 2658 1642 2684 sacrae
1664 2647 1764 2684 Scri—

950 2698 951 2720 1
983 2696 1105 2739 pturae
1121 2693 1347 2731 intellectus.
1365 2694 1507 2731 Dicitur
1521 2695 1620 2731 enim
1640 2694 1678 2730 in
1695 2695 1764 2731 Lu-

984 2751 1042 2785 ca,
1057 2741 1158 2787 quod
1175 2741 1355 2778 Dominus
1374 2744 1518 2789 aperuit
1536 2744 1586 2778 eis
1605 2752 1762 2788 sensum,

989 2791 1029 2824 ut
1041 2790 1288 2834 intelliqerent
1297 2791 1527 2837 Scriptura33
1542 2791 1632 2826 etex
1645 2789 1762 2826 abun-

127 2839 211 2866 cum
225 2829 296 2878 ipsi
314 2842 391 2868 non
406 2834 610 2880 caperent?
625 2837 659 2870 et
674 2837 855 2880 petentes,
871 2837 911 2870 ut
949 2832 952 2871 1
988 2833 1092 2872 danti
1111 2836 1299 2874 revelatus
1321 2840 1376 2874 cst
1399 2837 1453 2874 eis
1479 2835 1653 2873 Ecclesiae
1676 2846 1762 2883 pro-
