1894 3186
305 209 357 242 DE
394 208 646 241 AMBITIONE
683 209 733 242 ET
770 207 1035 247 QUIBUSDAM
1072 206 1189 240 ALIIS
1229 205 1526 238 DEFECTIBUS.
1698 204 1752 238 181

111 289 174 315 cer
201 281 271 323 est,
299 281 335 314 et
355 277 531 324 oppidum
552 277 763 324 paradisus.
787 278 892 314 Unde

111 325 249 362 talibus
268 337 361 372 pene
379 324 567 371 competit,
586 328 622 360 et
643 325 688 360 de
707 325 761 361 eis
779 325 892 362 scribi

112 376 252 420 posset,
275 373 373 419 quod
396 373 441 408 de
463 372 625 417 quodam
652 373 892 419 hujuscemo-

112 420 150 457 di
171 424 255 467 post
272 423 431 456 mortem
448 420 544 465 ejus,
563 419 669 465 quasi
687 431 754 466 pro
773 420 892 467 epita-

112 468 216 515 phio,
232 467 384 513 quidam
397 467 633 503 versificator
650 467 702 503 sic
714 468 862 515 scripsit
882 479 891 504 :

160 540 253 574 Dum
273 539 348 581 fuit,
377 539 416 573 in
440 537 590 579 mundo,
617 548 684 583 per
717 538 894 573 mundum

626 585 738 631 [vioez't
759 586 891 626 eundo,

197 633 281 668 Haec
291 635 476 679 postrema
490 632 582 674 dies,
604 633 676 668 haec
690 633 895 727 sibi[prz'3na

778 690 892 725 quaes.

162 750 183 787 8
207 751 350 787 SEXTUM
388 762 509 787 MALUM
526 762 534 787 :
554 762 689 787 ABUSUS
709 762 895 787 FRUCTUUH

115 808 390 834 BENEFICIORUM.
414 819 457 824 ——
478 800 630 835 Sextum
651 798 793 834 malum
822 798 909 842 est,

115 844 205 891 quia
224 845 334 881 multi
355 846 538 882 fructibus
560 845 838 882 beneficiorum
860 849 896 882 et

116 891 226 928 bonis
259 892 525 930 ecclesiasticis
566 893 673 929 abuti
714 904 789 929 non
818 903 895 929 me-

114 942 238 984 tuunt,
279 951 321 976 ac
359 939 633 987 patrimonium
675 940 830 984 Christi,
858 944 895 976 et

116 997 178 1039 res
195 998 410 1039 ‚pauperum
435 988 474 1024 in
495 999 584 1024 usus
619 989 836 1034 superfluos
859 990 897 1023 et

115 1033 264 1070 1llicitos
285 1039 522 1072 convertunt.
546 1036 896 1080 Quantumcumque

115 1081 217 1117 enim
232 1082 425 1118 utiliterin
436 1082 623 1119 beneficio
638 1081 721 1128 quis
733 1082 895 1125 laboret,

117 1128 216 1164 ultra
231 1133 358 1165 tamen
377 1130 515 1166 victum
549 1134 585 1165 et
614 1129 790 1165 vestitum
823 1129 895 1165 sibi

115 1176 316 1212 vendicare
337 1188 413 1212 non
431 1177 565 1220 debet;
589 1176 771 1222 quidquid
792 1176 894 1212 enim

115 1223 276 1269 amplius
299 1227 369 1268 est,
392 1234 599 1270 pauperum
620 1227 688 1259 est.
716 1223 820 1259 Unde
843 1223 896 1259 ait

114 1271 325 1306 Bernarclus
344 1283 351 1306 :
371 1285 389 1303 «
412 1272 484 1307 Sed
504 1273 599 1314 esto,
623 1270 789 1306 studiose
811 1270 895 1316 quis

116 1320 153 1354 et
173 1317 363 1354 fructuose
385 1318 545 1362 laboret,
572 1317 674 1354 vivat
702 1318 748 1354 de
767 1317 892 1362 altari,

115 1368 157 1401 ut
172 1365 353 1401 alimenta
365 1369 403 1402 et
417 1365 552 1412 quihus
569 1368 719 1411 tegatur
732 1366 892 1410 habens,

116 1412 176 1448 his
196 1416 396 1449 contentus
418 1414 478 1449 sit.
498 1414 579 1449 Non
595 1412 802 1459 superbiat,
817 1424 895 1449 non

116 1459 339 1505 luxurietur,
360 1460 523 1507 denique
544 1471 621 1496 non
648 1461 803 1504 ditetur,
825 1470 895 1496 nee

117 1517 161 1543 ex
184 1507 362 1544 clericatu
384 1508 498 1544 ditior
518 1508 598 1552 fiat,
630 1518 708 1543 non
744 1507 815 1543 sibi
848 1508 896 1543 de

117 1553 226 1590 bonis
241 1555 416 1591 Ecclesiae
428 1556 553 1601 ampla
566 1555 706 1601 palatia
722 1554 894 1599 fabricet,

116 1602 350 1654 nec-loculos
378 1602 465 1638 inde
496 1605 713 1648 congreget,
753 1612 821 1637 nee
858 1601 898 1637 in

117 1652 281 1685 vanitate
308 1652 373 1685 aut
392 1649 652 1696 superfluitate
688 1649 895 1695 dispergat,

118 1705 196 1732 non
218 1697 370 1732 extollat
391 1697 437 1733 de
458 1697 700 1733 facultatibus
720 1696 897 1732 Ecclesiae

117 1743 424 1796 consanguineos
447 1755 535 1780 suos
568 1747 632 1780 aut
656 1747 828 1790 nepotes,
849 1753 896 1779 ne

117 1789 214 1826 filias
232 1791 324 1827 heu!
348 1791 504 1827 dixerim
523 1792 655 1837 nuptui
675 1791 819 1834 tradat3
837 1801 898 1826 res

116 1848 326 1885 pauperum
348 1850 424 1875 non
445 1838 674 1886 pauperibus
707 1839 812 1882 dare,
830 1848 899 1883 par

116 1885 302 1932 sacrilegii
316 1885 457 1922 crimen
470 1897 551 1922 esse
567 1885 812 1931 dignoscitur.
824 1887 897 1921 Nee

117 1932 216 1970 enim
232 1933 419 1969 ordinavit
431 1935 530 1970 Deus
544 1933 602 1968 his
614 1932 678 1978 qui
694 1932 898 1979 Evangelio
922 1945 924 1947 ’

117 1980 287 2016 serviunt
319 1981 366 2016 de
387 1980 589 2027 Evangelio
625 1990 797 2026 quaerere
834 1983 899 2015 aut

118 2027 260 2063 habere
297 2027 464 2072 delicias,
504 2031 570 2063 aut
608 2031 797 2071 ornatum,
832 2027 899 2062 sed

117 2073 258 2127 vivere,
278 2075 328 2111 ait
351 2075 552 2121 Apostolus
566 2074 612 2110 de
631 2085 701 2118 θος
722 2078 764 2110 ut
794 2073 900 2109 vide-

119 2121 207 2157 licet
221 2122 293 2157 sint
309 2122 475 2158 contenti
496 2122 677 2158 alimenta
713 2121 897 2167 corporis,

120 2179 196 2205 non
212 2170 309 2214 gulae
326 2169 578 2213 irritamenta,
612 2173 677 2205 aut
713 2168 902 2204 incentiva

118 2215 347 2261 libidiniS,et
362 2217 496 2263 quibus
515 2220 705 2262 tegantur,
728 2227 803 2251 non
826 2215 900 2261 qui-

119 2263 188 2300 bus
209 2268 405 2308 ornentur,
426 2265 609 2310 accipere.
625 2277 641 2298 >2
656 2266 701 2299 Et
730 2263 869 2299 iterum
887 2274 896 2298 ε

121 2325 141 2344 «
157 2312 270 2348 Pauci
292 2312 495 2348 admodum
517 2314 618 2355 sunt,
638 2311 702 2357 qui
724 2322 799 2346 non
815 2321 899 2356 quae

119 2367 189 2395 sua
215 2363 301 2395 sunt
328 2362 512 2404 quaerant.
538 2358 705 2403 Diligunt
726 2368 898 2402 munera,

120 2415 197 2441 non
222 2409 383 2452 possunt
415 2407 559 2452 pariter
597 2405 755 2451 diligere
794 2406 899 2441 Chri-

118 2455 234 2497 stum,
257 2453 343 2499 quia
358 2464 490 2490 manus
509 2454 695 2490 dederunt
717 2462 900 2488 mammo-

122 2510 195 2552 [μθ.
223 2503 374 2536 Intuere
401 2502 589 2547 quomodo
622 2501 803 2536 incedunt
842 2499 899 2534 ni-

119 2547 188 2583 tidi
219 2550 256 2584 et
281 2549 418 2592 ornati,
446 2547 715 2584 circumamicti
737 2546 899 2582 varIeta-

120 2593 237 2639 tibus,
274 2598 468 2641 tamquam
506 2606 644 2641 sponsa
690 2594 901 2641 procedens

121 2640 168 2677 de
201 2643 368 2678 thalamo
406 2653 486 2678 suo.
515 2644 646 2678 Nonne
686 2640 901 2688 quempiam

122 2689 253 2726 talium
273 2692 430 2735 repente
457 2689 603 2726 eminus
631 2689 901 2735 procedentem

123 2737 326 2782 aspexeris,
364 2747 540 2784 sponsam
578 2736 703 2783 potius
735 2735 900 2782 putabis,

124 2793 236 2829 quam
254 2794 401 2829 sponsae
423 2784 643 2820 custodem?
676 2784 782 2819 Unde
811 2792 899 2818 vero

125 2830 222 2866 hanc
248 2830 323 2866 illis
352 2832 556 2868 exuberare
577 2831 770 2868 existimas
786 2829 901 2866 talem

967 286 1093 312 rerum
1120 274 1370 318 affluentiam,
1390 274 1550 310 vestium
1574 273 1750 319 splendo-

967 334 1061 368 rem,
1075 333 1294 358 mensarum
1317 323 1517 365 luxuriam,
1533 320 1751 366 congeriem

967 381 1143 407 vasorum
1183 373 1450 416 argenteorum
1472 372 1509 404 et
1535 378 1752 411 aureorum,

967 418 1039 454 nisi
1058 419 1103 454 de
1123 417 1232 454 bonis
1257 417 1434 463 sponsae‘?
1449 416 1538 452 Inde
1558 421 1629 458 est,
1647 415 1749 461 quod

967 466 1032 501 illa
1052 476 1212 511 pauper,
1233 464 1357 510 inops,
1384 467 1421 499 et
1441 464 1541 498 nuda
1562 461 1746 508 relinqui-

968 516 1042 557 tur,
1061 512 1156 549 lacie
1170 511 1400 554 miseranda,
1418 510 1572 553 inculta,
1587 510 1751 556 hispida,

968 561 1181 607 exsanguis.
1212 561 1369 605 Propter
1399 559 1483 601 hoc,
1512 568 1588 593 non
1619 561 1675 593 est
1708 556 1749 593 in

969 608 1040 644 isto
1084 611 1254 654 tempore
1289 616 1426 642 ornare
1465 615 1657 648 sponsam,
1685 603 1753 640 sed

969 655 1158 702 spoliare;
1180 666 1256 690 non
1277 656 1334 690 est
1355 651 1558 696 custodire,
1583 651 1649 687 sed
1673 661 1756 697 per-

969 703 1081 747 dere3
1103 713 1179 739 non
1201 705 1258 738 est
1292 701 1509 744 defendere,
1536 699 1603 735 sed
1641 708 1752 744 expo-

971 761 1087 795 nere;
1116 761 1193 786 non
1217 752 1274 785 est
1295 750 1495 791 instruere,
1526 746 1591 782 sed
1612 744 1753 792 prosti-

968 801 1097 842 tuere3
1126 809 1201 833 non
1222 800 1277 833 est
1310 806 1464 843 pascere
1488 804 1656 840 gregem,
1691 792 1758 828 sed

971 849 1136 881 mactare
1157 848 1193 881 et
1224 845 1420 887 devorare,
1442 841 1590 878 dicente
1614 841 1660 876 de
1679 839 1755 876 illis

970 893 1131 928 Domino
1154 904 1161 927 :
1185 892 1256 935 Qua·
1276 892 1452 926 devorant
1472 890 1614 935 plebem
1638 897 1754 923 meam

970 943 1011 975 ut
1028 940 1147 976 eibum
1164 941 1299 985 Ραηὶες
1322 941 1359 974 et
1382 949 1390 972 :
1416 938 1510 980 Quia
1526 936 1755 971 comederunt

969 988 1093 1030 Jacob,
1117 989 1150 1022 et
1178 988 1292 1022 locum
1326 986 1404 1029 ejus
1426 985 1679 1019 desolaverunt
1700 993 1708 1017 z
1731 994 1751 1014 »

970 1035 1052 1069 haee
1076 1034 1299 1069 Bernardus.
1334 1033 1393 1068 Sic
1431 1035 1468 1067 et
1495 1031 1607 1066 hodie
1645 1027 1756 1064 multi

970 1080 1138 1126 religiosi
1161 1080 1271 1116 bonis
1299 1078 1519 1114 monasterii
1547 1077 1650 1113 abuti
1676 1086 1752 1112 non

970 1132 1148 1164 verentur
1169 1139 1178 1171 ;
1222 1130 1259 1162 et
1302 1125 1456 1161 divitem
1501 1134 1670 1170 purpura
1718 1125 1756 1159 et

968 1176 1080 1221 bysso
1103 1174 1275 1210 indutum
1297 1172 1495 1215 imitando,
1515 1173 1690 1216 quaerunt
1704 1169 1755 1206 ad

968 1221 1218 1265 induendum,
1246 1231 1322 1256 non
1360 1220 1462 1265 quod
1507 1217 1649 1262 utilius,
1686 1217 1754 1253 sed

969 1269 1071 1315 quod
1094 1269 1269 1305 subtilius
1294 1267 1509 1309 invenitur;
1546 1276 1621 1300 non
1655 1263 1756 1310 quod

969 1317 1088 1362 frigus
1115 1316 1288 1362 expellat,
1329 1314 1395 1350 sed
1424 1313 1525 1360 quod
1558 1311 1756 1358 superbire

968 1364 1183 1410 compellat.
1202 1365 1245 1399 Et
1263 1373 1348 1398 cum
1365 1362 1498 1397 eodem
1519 1359 1649 1404 divite,
1670 1369 1757 1405 epu-

968 1411 1037 1447 lari
1054 1410 1220 1456 quotidie
1234 1409 1427 1456 splendide
1441 1408 1571 1444 volunt
1594 1419 1602 1451 ;
1626 1410 1661 1442 et
1687 1416 1756 1452 pro

970 1458 1162 1503 carnibus,
1185 1469 1207 1494 a
1239 1457 1378 1504 quibus
1407 1455 1635 1498 abstinetur,
1673 1457 1755 1489 stu·

969 1505 1073 1542 dium
1092 1516 1201 1541 suum
1225 1504 1264 1539 in
1285 1504 1448 1550 piscibus
1466 1506 1503 1539 et
1523 1501 1667 1538 deliciis
1689 1511 1755 1536 va-

969 1553 1037 1589 riis
1072 1555 1231 1599 ponunt.
1256 1553 1299 1587 Et
1323 1550 1528 1587 secundum
1574 1549 1670 1594 quod
1707 1547 1756 1584 de

972 1600 1198 1646 quibusdam
1225 1598 1377 1642 dicitur,
1402 1597 1487 1644 plus
1508 1596 1547 1631 in
1568 1596 1755 1641 salmone,

971 1657 1087 1693 quam
1122 1647 1161 1682 in
1201 1646 1401 1682 Salomone
1430 1644 1582 1680 student
1607 1655 1614 1686 ;
1639 1642 1756 1688 quod,

971 1694 1179 1730 secundum
1200 1696 1432 1739 Prosperzcm,
1454 1702 1531 1726 non
1562 1694 1618 1726 est
1657 1689 1754 1725 deli-

972 1741 1049 1778 cias
1082 1751 1269 1783 resecare,
1307 1739 1373 1775 sed
1413 1748 1530 1774 unam
1565 1737 1602 1772 in
1641 1736 1756 1773 aliam

973 1792 1218 1825 commutare.
1263 1787 1368 1822 Unde
1404 1785 1456 1822 ait
1489 1786 1755 1828 Auqustmus:

974 1836 1082 1880 «Qui
1114 1836 1166 1871 sic
1190 1846 1211 1871 a
1241 1834 1418 1870 carnibus
1450 1843 1490 1868 se
1523 1833 1752 1877 temperant,

972 1887 1014 1920 ut
1033 1883 1127 1919 alias
1149 1893 1266 1926 escas,
1296 1885 1333 1917 et
1362 1878 1586 1916 difficilioris
1606 1889 1756 1925 praepa-

972 1930 1130 1967 rationis
1149 1933 1185 1966 et
1220 1928 1331 1976 pretii
1359 1927 1513 1973 majoris
1547 1925 1756 1972 inquirant,

972 1979 1133 2014 multum
1165 1980 1305 2013 errant.
1342 1977 1423 2011 Non
1463 1973 1563 2010 enim
1591 1977 1647 2009 est
1685 1974 1757 2009 hoe

973 2025 1164 2071 suscipere
1188 2022 1468 2065 abstinentiam,
1493 2021 1559 2057 sed
1594 2020 1757 2056 invitare

972 2073 1171 2109 luxuriam.
1196 2085 1213 2105 n
1238 2070 1301 2106 Isti
1322 2081 1399 2106 non
1416 2068 1631 2113 intelligunt
1651 2067 1754 2113 quod

971 2119 1010 2155 in
1026 2119 1085 2155 his
1101 2120 1256 2155 hamum
1273 2117 1475 2163 accipiunt,
1494 2116 1582 2162 quia
1597 2125 1754 2161 poenam

972 2177 1040 2213 pro
1073 2165 1231 2211 singulis
1258 2166 1480 2208 exsolvent3
1510 2166 1546 2198 et
1572 2165 1756 2208 quantum

973 2225 1013 2250 se
1032 2213 1340 2260 glorificaverunt
1360 2215 1397 2247 et
1423 2210 1463 2246 in
1494 2209 1638 2246 deliciis
1676 2210 1757 2245 fue-

972 2265 1075 2305 runt,
1101 2263 1246 2296 tantum
1276 2260 1322 2295 de
1356 2260 1544 2295 tormento
1586 2260 1622 2293 et
1653 2256 1757 2292 luctu

973 2309 1178 2344 habebunt.
1209 2306 1359 2343 Utinam
1389 2305 1496 2341 multi
1516 2303 1755 2347 mercenarii,

974 2360 1010 2392 et
1027 2355 1363 2402 pseudo-pastores
1388 2354 1469 2389 haee
1500 2352 1755 2395 attenderent,

973 2403 1037 2449 qui
1060 2403 1142 2448 plus
1161 2402 1207 2438 de
1227 2401 1360 2448 seipsis
1375 2401 1488 2437 etiam
1510 2399 1627 2444 sanis,
1643 2408 1756 2444 quam

974 2451 1020 2486 de
1045 2449 1121 2485 suis
1141 2448 1299 2485 subditis
1319 2450 1433 2484 etiam
1454 2445 1630 2489 infirmis,
1654 2444 1757 2481 solli-

975 2497 1038 2533 citi
1059 2500 1167 2540 sunt;
1188 2497 1322 2543 etplus
1338 2495 1407 2532 sibi
1429 2495 1467 2530 in
1484 2492 1756 2539 voluptatibus,

975 2555 1086 2591 quam
1108 2543 1268 2580 subditis
1288 2543 1324 2579 in
1347 2540 1639 2579 necessitatibus
1660 2550 1752 2575 con-

975 2591 1209 2628 descendunt
1231 2591 1239 2627 1
1264 2593 1307 2626 Et
1323 2590 1408 2626 ideo
1426 2599 1525 2635 saepe
1537 2585 1753 2633 hujusmodi

975 2638 1201 2675 mercenarii
1233 2637 1325 2674 diris
1354 2648 1376 2673 a
1418 2638 1493 2672 Deo
1521 2634 1757 2680 castigantur

975 2685 1135 2732 flagellis
1152 2697 1162 2730 ;
1189 2686 1255 2722 sed
1275 2683 1484 2730 intelligere
1499 2682 1634 2718 nolunt
1655 2679 1757 2716 unde

974 2734 1055 2769 haec
1077 2733 1226 2779 flagella
1240 2732 1464 2779 procedunt,
1481 2729 1755 2774 conquerentes

976 2781 1202 2827 quandoque
1224 2781 1271 2816 de
1294 2778 1551 2826 percussione,
1595 2774 1660 2810 sed
1697 2776 1758 2809 ta-

976 2831 1104 2864 centes
1125 2828 1171 2864 de
1189 2838 1304 2864 causa
1339 2828 1527 2868 movente,
1551 2820 1757 2859 secundum
