1894 3186
233 149 371 182 -DOM.
411 147 657 182 EXCITATUS
695 150 716 182 A
755 150 898 183 SOMNO
935 150 1134 184 IMPERAT
1172 151 1332 183 VENTIs
1371 152 1420 184 ET
1460 153 1586 187 mni.
1717 157 1746 184 15

111 221 237 257 omnia
264 230 378 265 opera
399 221 479 266 ejus
503 221 794 257 amaritudinem
824 223 887 258 lia-

108 268 199 303 bent
231 278 427 304 annexam.
461 268 501 302 In
534 268 630 303 hanc
676 269 888 306 naviculam

106 315 276 351 Christus
297 315 478 357 ascendit,
504 325 587 350 eum
611 325 692 351 eam
714 327 779 360 per
799 327 885 362 gra-

105 362 196 398 tiam
215 363 411 398 inhabitat.
432 363 647 407 Sequuntur
661 367 785 398 autem
802 374 887 399 eum

106 409 292 455 discipuli,
316 408 352 444 id
377 413 432 444 est
453 409 610 444 virtutes
640 413 714 445 tres
748 411 890 446 theolo-

104 456 212 501 gieae,
247 460 284 491 et
320 460 482 500 quatuor
509 457 730 499 cardinales,
769 461 805 492 et
837 468 890 493 se·
920 484 921 488 ,

104 506 205 547 ptem
220 504 319 538 dona
332 503 491 548 Spiritus
511 504 649 539 Sancti.
668 504 760 539 Eece
775 515 887 550 quam

106 549 264 594 pulchra
291 550 424 586 Christi
462 550 650 595 comitiva,
690 561 773 596 qua}
802 563 887 587 eum

102 606 250 642 semper
273 598 539 642 comitabatur,
559 602 595 633 et
612 599 780 643 quotidie
803 609 887 634 cum

104 643 142 678 in
163 644 326 680 animam
345 644 495 680 fidelem
516 646 742 686 ascenderit,
771 646 886 681 comi·
918 661 920 676 z

102 693 217 727 tatur.
252 692 322 727 Sed
352 695 388 726 et
417 692 514 727 lianc
541 692 751 727 naviculam
780 704 886 728 eom·
918 699 919 707 ¹

103 741 257 773 movent
276 739 377 773 venti
396 738 661 782 tentationum,
689 740 725 774 id
747 743 801 775 est
821 752 885 776 ex-

104 785 262 821 teriores
298 786 510 821 dfemonum
550 786 807 831 impulsiones,
851 791 887 822 et

102 832 215 867 undae
235 843 300 868 seu
324 833 498 878 procellae
524 834 754 878 passionum,
776 834 813 869 id
833 838 887 869 est

102 878 302 915 interiores
336 880 550 916 vexationes
583 882 764 923 carnales,
802 892 886 927 quae
917 903 919 913 ÷

103 925 322 972 frequenter
346 928 547 972 insurgunt
577 928 635 973 pie
669 928 705 962 in
741 929 885 964 Christo

102 973 313 1009 viventibus
332 985 339 1018 ;
363 978 399 1009 et
422 985 709 1020 nonnumquam
729 979 783 1011 est
804 980 885 1011 tan-

103 1023 162 1056 tus
180 1022 431 1056 tentationum
450 1022 622 1066 impetus,
640 1022 740 1067 quod
761 1022 886 1058 anima
916 1051 918 1063 ,

104 1069 205 1112 quasi
235 1069 427 1113 operiatur
456 1068 644 1108 fluctibus.
677 1080 719 1103 ex
751 1070 887 1114 quibus
916 1066 918 1084 ³

102 1115 310 1150 timendum
341 1118 396 1149 est
427 1114 583 1150 virtutos
604 1119 640 1150 et
662 1116 759 1151 dona
784 1117 882 1160 peri-

100 1160 221 1196 clitari
242 1162 279 1196 in
299 1172 362 1204 ea;
380 1161 456 1207 ¹sed
480 1162 647 1197 Christus
670 1162 708 1196 in
730 1173 774 1197 ea
797 1163 883 1198 dor-

100 1207 181 1251 mit,
214 1218 298 1243 eum
332 1207 423 1243 talia
459 1208 654 1252 permittit,
698 1220 740 1244 eo
784 1210 884 1254 quod
915 1222 917 1239 i

102 1264 233 1290 somno
267 1258 395 1290 nostro
422 1256 665 1300 consopiatur
696 1256 733 1290 in
761 1257 882 1301 nobis,

101 1301 153 1336 ita
186 1302 287 1347 quod
326 1302 475 1337 videtur
509 1313 576 1337 nos
608 1302 881 1347 dereliquisse;
915 1319 916 1330 ι

99 1348 165 1383 sed
196 1359 272 1385 non
301 1352 356 1385 est
388 1350 452 1389 ita,
486 1349 561 1384 imo
593 1351 672 1394 ipse
697 1351 880 1394 promisit,
914 1367 916 1393 i

101 1395 252 1432 dicens:
296 1397 382 1432 Cum
415 1398 494 1441 ipso
534 1407 612 1431 sum
647 1398 687 1432 in
723 1398 879 1432 tribula-

100 1444 208 1486 tione,
230 1447 299 1479 etc.
319 1445 363 1478 Et
377 1443 475 1487 ideo,
497 1444 676 1479 redeunte
692 1444 818 1479 anima
833 1445 880 1480 ad

54 1484 60 1492 ‘
99 1499 154 1533 se,
187 1491 345 1525 virtutes
372 1494 408 1526 et
440 1490 539 1526 dona
567 1492 730 1526 excitant
754 1492 881 1526 Domi-

99 1547 206 1581 num,
227 1538 477 1573 exclamantes
497 1548 586 1573 voce
605 1538 752 1584 grandi,
776 1542 812 1572 et
831 1539 882 1573 di-

99 1588 246 1619 centes:
270 1586 431 1627 Domine,
452 1585 557 1619 saiva
577 1595 641 1620 nos
659 1597 669 1618 .·
689 1586 879 1629 perimus,-

99 1634 189 1666 tunc
220 1630 387 1666 Christus
418 1640 567 1666 omnem
606 1632 880 1667 turbulentiam

98 1678 216 1723 sedat,
256 1679 460 1713 exteriores
497 1682 626 1713 ventos
666 1678 881 1714 daemonum

97 1725 315 1771 compescit,
338 1725 470 1760 fluetus
497 1725 620 1760 carnis
644 1730 775 1760 conti-a
796 1726 879 1761 ani-

96 1781 197 1807 mam
220 1783 258 1807 se
285 1771 464 1817 erigentis
496 1772 657 1817 mitigat,
692 1776 728 1807 et
752 1773 805 1807 sic
838 1772 879 1807 fit

96 1829 234 1866 magna
277 1819 529 1863 tranquillitas
573 1819 748 1862 exterius,
794 1829 878 1854 cum
913 1839 914 1842 =

95 1865 288 1902 tribulatio
308 1869 345 1901 et
365 1865 522 1901 tentatio
547 1870 678 1910 cessat,
701 1866 758 1900 vel
782 1865 878 1901 inte-

95 1914 186 1958 rius,
206 1923 289 1949 eum
306 1913 525 1957 patientiam
546 1913 684 1948 bonam
704 1915 874 1957 preestat;

97 1964 134 1996 et
167 1961 248 1996 haec
282 1959 533 2005 tranquillitas
561 1959 708 1994 vii-tutis
746 1959 879 1995 melior

96 2012 151 2043 est
166 2018 280 2053 quam
298 2006 551 2052 tranquillitas
574 2006 792 2050 corporalis,
808 2007 879 2041 sie-

95 2058 138 2090 ut
171 2055 311 2090 dictum
347 2054 418 2089 fuit
446 2054 586 2089 Paulo:
626 2055 774 2098 Sufficit
808 2053 877 2088 tibi

95 2103 220 2146 qratia
238 2112 341 2144 mea‚·
362 2104 515 2147 propter
539 2101 637 2145 quod
660 2100 874 2146 subjunxit:

94 2150 264 2186 Libenter
294 2151 412 2193 iqitur
433 2149 620 2193 qloriabor
649 2149 688 2183 in
718 2149 876 2192 infirmi-

96 2197 235 2232 tatibus
258 2199 358 2238 meis,
393 2199 434 2231 ut
465 2196 646 2230 inhabitet
665 2196 703 2230 in
726 2205 781 2230 me
799 2196 876 2229 vir·-

96 2246 154 2280 tus
188 2245 337 2280 Christi.
374 2244 463 2278 Tam
497 2253 634 2288 magna
669 2245 795 2278 autem
836 2241 878 2276 fit

95 2291 361 2336 tranquillitas,
385 2291 436 2325 ita
468 2292 507 2324 ut
536 2290 612 2334 ipse
638 2292 739 2324 totus
763 2290 876 2341 homo

96 2338 266 2380 miretur,
290 2341 327 2372 et
348 2337 471 2373 dicat:
494 2337 620 2379 Qualis
636 2340 688 2372 est
710 2337 782 2380 hic,
804 2345 876 2370 mi-

95 2384 425 2427 sericordissimus,
455 2383 733 2428 potentissimus
760 2386 797 2418 et
816 2392 876 2417 sa-

95 2431 349 2477 pientissimus
367 2431 573 2476 Dominus3
603 2432 691 2476 quia
720 2440 818 2465 mare
845 2433 879 2465 et

97 2480 196 2514 venti
217 2479 467 2514 tentationum
489 2481 525 2514 et
552 2479 764 2523 passionum
796 2476 878 2512 obe-

97 2525 205 2561 diunt
224 2527 270 2569 ei,
293 2526 339 2561 ad
361 2528 494 2561 nutum
508 2526 525 2560 ‘t
547 2525 642 2568 Quid
664 2525 778 2571 igitur
798 2527 877 2576 tam

99 2573 423 2619 benignissimum,
447 2582 559 2618 quam
590 2573 690 2618 quod
720 2573 816 2607 Deus
839 2581 877 2606 in

97 2619 195 2655 hanc
213 2620 424 2656 naviculam
447 2621 492 2656 de
510 2620 602 2655 coelo
625 2620 780 2654 veniens
810 2628 876 2672 pro

98 2666 239 2702 deliciis
274 2668 389 2703 habet
422 2678 496 2703 esse
526 2677 605 2703 eum
639 2668 728 2712 filiis
767 2667 877 2717 homi-

97 2715 215 2749 num?
238 2714 333 2757 Quid
364 2715 502 2751 iterum
533 2718 610 2750 tam
638 2714 878 2749 admirantis-

97 2760 202 2796 simae
248 2760 418 2798 utilitatis
450 2772 531 2799 esse
570 2760 720 2808 poterit,
762 2769 876 2806 quam

915 1120 918 1151 i

964 221 1063 266 quod
1092 222 1190 256 Deus
1224 223 1445 267 conjunctus
1470 225 1605 261 animm
1630 227 1745 273 ipsam

962 271 1160 313 promovet
1186 269 1232 303 ad
1265 270 1459 308 salutem?
1488 272 1557 315 Qui
1587 274 1745 311 descen-

963 315 1055 350 dens
1079 316 1115 350 in
1140 316 1305 351 animam
1334 317 1497 354 dormire
1529 323 1618 356 tune
1651 322 1745 357 dici-

962 365 1036 402 tur,
1062 373 1146 397 cum
1169 363 1361 398 subtracti
1392 366 1511 409 gratia
1546 368 1743 415 spirituali,

962 413 1083 445 motus
1103 411 1321 445 tentationis
1340 411 1538 457 insurgunt
1557 426 1564 456 ;
1589 415 1745 461 vigilare

963 466 1050 491 vero
1088 460 1124 491 et
1163 458 1315 492 excitari
1354 462 1443 493 tune
1474 461 1622 506 dicitur,
1660 474 1744 499 cum

961 503 1167 548 spiritualis
1196 506 1317 547 gratia
1341 506 1419 549 jam
1445 517 1607 551 prsesens
1629 511 1743 545 senti-

963 554 1037 593 tur,
1058 551 1103 586 ad
1124 552 1180 597 cuj
1191 562 1228 586 us
1251 553 1488 597 praesentiam
1511 556 1636 591 omnia
1660 561 1744 592 ten-

961 597 1145 633 tationum
1163 609 1304 644 genera
1325 601 1607 646 conquiescunt.

1010 647 1030 679 S
1053 645 1144 687 QUID
1167 658 1218 681 SIT
1241 658 1276 682 IN
1298 659 1577 684 TENTATIONIBUS
1601 662 1743 686 FACIEN-

960 692 1063 726 DUM?
1093 713 1125 718 -
1157 693 1264 729 Circa
1289 699 1413 730 autem
1440 696 1549 739 istud,
1567 698 1745 741 Azcg‘szisti-

959 749 1027 773 nus
1048 740 1153 784 quasi
1172 741 1215 775 de
1232 752 1304 776 uno
1320 742 1529 787 exemplum
1549 743 1743 790 inducenS,

960 786 1011 820 sie
1029 787 1103 822 ait:
1128 800 1145 821 <i
1169 789 1316 823 Intrant
1342 790 1442 824 venti
1475 789 1512 825 in
1540 794 1742 836 cortuum,

959 833 1089 878 utiquc
1114 834 1178 869 ubi
1198 836 1366 881 navigas,
1401 836 1466 871 ubi
1499 838 1595 872 lianc
1629 838 1741 874 vitam

959 882 1152 925 tamquam
1199 883 1445 927 procellosum
1480 887 1515 919 et
1556 885 1746 929 periculo·

958 936 1042 961 sum
1072 929 1227 971 pelagus
1258 931 1420 974 transis;
1458 931 1599 966 intrant
1627 933 1742 976 venti,

960 978 1113 1009 movent
1139 976 1286 1020 fluctus,
1320 978 1473 1012 turbant
1504 989 1649 1016 navem.
1674 980 1744 1022 Qui

958 1025 1047 1055 sunt
1078 1021 1212 1058 venti?
1248 1023 1391 1058 Audisti
1425 1026 1643 1071 convitium,
1669 1025 1743 1061 ira-

959 1077 1095 1110 scer1s;
1137 1069 1341 1104 convitium
1381 1075 1512 1106 ventus
1561 1077 1630 1116 est,
1675 1073 1745 1109 ira-

959 1114 1094 1149 cundia
1115 1115 1248 1150 ssuetus
1269 1120 1338 1161 est,
1360 1118 1598 1161 periclitaris.
1621 1120 1746 1164 Dispo-

959 1160 1015 1194 nis
1060 1163 1307 1208 respoudere,
1362 1163 1526 1209 disponis
1578 1166 1742 1201 maledi—

959 1210 1061 1242 ctum
1093 1209 1294 1245 maledieto
1323 1211 1496 1253 reddere,
1523 1212 1601 1256 jam
1634 1213 1740 1249 navis

957 1254 1187 1300 propinquat
1223 1257 1434 1303 naufragio.
1476 1259 1602 1294 Excita
1640 1260 1744 1295 Chri-

957 1304 1053 1335 stum
1076 1302 1345 1347 dormientem;
1367 1305 1450 1339 ideo
1473 1305 1573 1341 enim
1594 1307 1742 1354 fluctus,

958 1350 995 1382 et
1027 1348 1124 1384 mala
1155 1361 1222 1394 pro
1252 1352 1359 1386 malis
1386 1352 1544 1388 reddere
1577 1365 1653 1399 pree
1676 1365 1742 1400 pa-

956 1405 1029 1438 ras,
1053 1397 1142 1440 quia
1161 1397 1331 1433 Christus
1352 1399 1490 1434 dormit
1509 1399 1547 1435 in
1566 1401 1667 1437 navi.
1699 1404 1740 1437 In

958 1442 1070 1477 corde
1089 1443 1189 1478 enim
1212 1448 1276 1479 tuo
1294 1456 1446 1481 somnus
1469 1447 1619 1491 Christi,
1643 1449 1742 1484 obli-

955 1489 1016 1523 vio
1050 1489 1161 1533 sidei;
1188 1501 1275 1526 nam
1309 1493 1338 1527 si
1371 1493 1506 1529 excites
1535 1496 1739 1541 Christum,

957 1535 993 1569 id
1016 1538 1069 1569 est
1101 1538 1242 1572 recolas
1274 1538 1400 1583 fidem,
1436 1540 1524 1585 quid
1550 1541 1619 1577 tibi
1652 1543 1742 1578 dicit

955 1585 1149 1626 tamquam
1172 1584 1330 1629 vigilans
1363 1586 1531 1622 Christus
1562 1588 1599 1622 in
1628 1590 1741 1626 eorde

956 1627 1054 1664 tuo?
1076 1630 1150 1675 Ego
1183 1631 1307 1667 audivi
1328 1644 1336 1667 ε
1360 1635 1584 1669 Daemonium
1616 1636 1740 1679 habes,

957 1679 993 1710 et
1018 1686 1083 1719 pro
1116 1676 1167 1712 eis
1202 1679 1331 1724 oravi;
1368 1680 1472 1715 audit
1500 1682 1678 1717 Dominus
1705 1686 1741 1718 et

954 1722 1110 1767 patitur,
1143 1724 1251 1759 audit
1279 1736 1406 1761 servus
1430 1731 1466 1761 et
1489 1727 1736 1774 indignatur3

953 1769 1018 1803 sed
1041 1768 1245 1806 vindictam
1266 1772 1344 1808 vis:
1380 1773 1470 1818 quid
1498 1775 1635 1812 enim?
1663 1778 1739 1821 Ego

949 1816 1029 1860 J'am
1064 1826 1146 1851 sum
1176 1818 1401 1864 vindicatus,
1439 1830 1522 1856 cum
1553 1822 1621 1857 tibi
1660 1824 1740 1858 haec

954 1863 1122 1907 loquitur
1166 1863 1261 1900 fides
1305 1870 1383 1911 tua,
1429 1867 1535 1913 quasi
1579 1868 1740 1914 imperat

953 1910 1073 1944 ventis
1103 1914 1139 1945 et
1170 1911 1358 1956 fluctibus,
1395 1918 1432 1949 et
1455 1915 1496 1949 fit
1522 1916 1738 1961 tranquilli-

952 1959 1028 1992 tas:
1053 1969 1070 1990 »
1091 1956 1172 1993 haec
1186 1959 1431 2003 Auqzistinus.
1445 1962 1490 1996 Et
1505 1962 1678 1999 similiter
1693 1964 1738 2000 de

953 2003 1034 2038 aliis
1060 2014 1144 2049 quae
1176 2016 1243 2041 nos
1274 2011 1420 2042 tentant
1453 2009 1510 2043 vel
1540 2009 1735 2057 tribulant,

954 2050 1141 2096 intelligas
1158 2062 1226 2087 suo
1247 2054 1372 2097 modo,
1394 2059 1432 2090 ut
1447 2066 1490 2090 ex
1508 2057 1611 2092 omni
1632 2062 1737 2102 parte

952 2097 1172 2133 excludatur
1193 2100 1293 2135 mala
1317 2102 1483 2137 conditio
1504 2114 1512 2146 ;
1534 2105 1622 2148 quia
1642 2106 1738 2140 sicut

952 2144 1143 2180 modicum
1178 2146 1349 2182 foramen
1388 2149 1546 2185 existens
1580 2150 1619 2186 in
1651 2153 1738 2188 navi

952 2192 1060 2236 ponit
1082 2202 1164 2243 eam
1192 2193 1229 2227 in
1260 2194 1440 2240 periculo,
1464 2197 1536 2232 nisi
1560 2198 1734 2234 obstrua-

952 2241 1028 2281 tur,
1059 2248 1112 2273 sic
1140 2239 1266 2275 anima
1288 2245 1344 2276 est
1375 2242 1412 2277 in
1445 2244 1610 2288 periculo
1631 2246 1736 2281 dam-

952 2286 1117 2320 nationis
1151 2291 1304 2331 propter
1331 2299 1445 2324 unam
1477 2291 1615 2327 malam
1643 2303 1736 2328 con-

954 2333 1136 2367 ditionem
1157 2360 1166 2377 ,
1204 2334 1279 2369 nisi
1311 2336 1543 2382 excludatur,
1579 2342 1616 2374 et
1651 2340 1735 2375 ideo

953 2378 1090 2413 dieitur
1111 2379 1149 2414 in
1170 2380 1406 2419 Proverbiis:
1439 2384 1546 2420 Omni
1570 2387 1735 2422 custodia

951 2436 1056 2460 serva
1078 2435 1138 2460 cor
1158 2429 1286 2472 tuum3
1320 2433 1356 2464 et
1378 2430 1415 2465 in
1444 2431 1700 2468 Ecclesiastico
1724 2446 1732 2470 ε

951 2474 1038 2518 Se'pi
1073 2483 1184 2508 aures
1208 2478 1290 2510 tuas
1317 2478 1449 2522 spinis,
1480 2481 1513 2514 et
1538 2481 1594 2514 ori
1618 2481 1733 2523 facito

951 2522 1061 2565 ostia,
1080 2524 1114 2555 et
1134 2531 1233 2557 seras
1251 2525 1416 2560 auribus.
1439 2525 1556 2570 Igitur
1581 2527 1732 2571 quando

951 2567 1180 2603 tribulamur
1225 2573 1261 2605 et
1304 2574 1509 2617 tentamur,
1556 2573 1733 2609 debemus

952 2625 1029 2650 esse
1049 2618 1260 2651 constantes
1280 2617 1317 2653 in
1339 2618 1426 2664 lide,
1447 2623 1483 2654 et
1504 2619 1595 2655 nihil
1617 2621 1730 2656 haesi-

950 2665 1045 2706 tare,
1081 2663 1170 2708 quia
1206 2663 1294 2699 licet
1327 2665 1425 2701 circa
1463 2677 1531 2702 nos
1567 2671 1603 2703 et
1634 2667 1733 2703 facta

950 2715 1079 2745 nostra
1117 2710 1296 2747 Dominus
1333 2712 1506 2749 videatur
1549 2714 1727 2758 dormire,

951 2757 1028 2802 ipse
1056 2760 1184 2794 tamen
1207 2757 1511 2805 diligentissimus
1542 2765 1595 2796 est
1618 2771 1729 2806 super
