1894 3186
127 193 184 227 186

609 198 756 232 PRIMAE
794 198 952 234 PARTIS
993 198 1130 234 CAPUT
1166 199 1276 234 LXIX

123 261 325 307 periclitari
357 264 540 310 permisit,
574 270 616 303 ut
648 268 801 304 doceret
834 279 898 305 eos
930 271 932 307 l
974 269 1164 315 benignus
1178 269 1360 307 Dominus
1375 272 1612 317 ampliuseos
1628 275 1757 312 vexari

122 308 547 358 patienterexspectare,
562 317 601 350 ut
618 326 693 350 non
714 326 735 351 a
755 316 898 361 princi·
930 309 932 368 Ι
974 316 1120 361 nolens,
1142 328 1190 353 ne
1217 319 1513 355 absorberentur
1550 330 1572 355 a
1603 320 1753 367 timore,

123 355 185 401 pio
207 355 244 391 in
267 357 573 396 tribulationibus
599 366 793 407 sperarent
812 364 898 399 sub-
930 369 932 403 i
976 363 1063 408 quia
1082 375 1194 410 prope
1213 368 1265 400 est
1299 366 1463 401 omnibus
1501 369 1755 405 invocantibus

125 401 276 439 sidium.
298 418 317 436 »
336 405 548 443 Etiterum:
565 409 690 445 «Vide
712 410 899 455 quomodo
930 422 932 453 i
974 421 1055 445 eum
1073 413 1111 446 in
1129 414 1307 455 verttate3
1315 439 1387 448 .....
1408 415 1534 449 statim
1559 425 1753 452 assecura-

125 450 267 485 nonin
304 452 491 499 piincipio
527 456 680 501 periculi
720 457 900 493 Dominus
931 460 932 490 ξ

121 496 253 542 astitit,
277 498 342 534 sed
360 499 399 535 in
419 501 493 536 fine
510 513 518 545 ;
538 503 720 548 permittit
739 514 900 549 namque
932 523 933 529 κ

123 553 193 578 nos
231 555 313 580 esse
343 545 381 582 in
414 548 536 585 medio
574 550 836 595 periculorum,
862 553 902 586 ut
932 585 934 593 ,

125 595 313 628 certantes
334 592 371 628 in
397 594 701 633 tribulationibus
724 597 900 642 probabi-
932 600 934 602 ’

124 636 236 673 liores
257 639 405 687 fiamus,
434 646 470 677 et
490 646 529 677 ut
558 644 605 678 ad
636 643 758 689 ipsum
780 644 901 679 solum

122 694 376 731 recurramus,
399 688 460 733 qui
480 693 613 734 potens
634 694 688 725 est
710 702 752 725 ex
774 691 902 734 inspe-

123 731 214 767 ratis
234 744 304 768 nos
324 733 496 771 liberare.
519 737 609 772 Cum
631 737 732 772 enim
756 737 900 773 intelle·
932 737 933 746 ¹

122 780 204 814 ctus
225 780 413 817 humanus
427 782 497 818 sibi
516 783 712 827 providere
729 795 803 819 non
816 787 901 830 pot-

123 825 207 869 erit,
244 830 330 863 tunc
366 830 466 864 salus
503 830 630 866 divina
660 831 847 867 adveniet.
881 844 899 864 »
932 865 933 872 ἵ

123 871 328 909 Considera
348 885 449 911 nunc
479 877 678 913 Dominum
708 878 898 923 quomodo

121 918 298 964 fatigatus
316 932 358 956 ex
378 923 504 967 vigiIIa
522 923 649 969 longa,
671 928 707 960 et
728 925 900 961 oratione

121 966 278 1010 prolixa,
298 968 398 1004 solus
425 970 631 1015 deseendit,
661 971 781 1007 noctis
802 976 899 1008 tem-

123 1021 227 1057 pore,
253 1015 411 1059 pedibus
433 1017 557 1062 nudis,
577 1018 623 1053 de
646 1022 772 1054 monte
790 1019 895 1054 labo-

124 1058 225 1095 rioso
247 1066 283 1095 et
302 1062 396 1097 sorte
414 1067 579 1108 petroso,
602 1069 638 1100 ct
659 1066 899 1101 vehementer

121 1105 155 1141 ei
183 1111 408 1153 compatere.
423 1111 626 1147 Considera
652 1116 688 1147 et
712 1113 898 1157 quomodo

120 1153 223 1188 vadit
235 1165 347 1200 supra
358 1166 461 1192 mare
473 1158 582 1194 firmo
595 1159 766 1204 vestigio,
777 1163 813 1195 et
824 1171 899 1195 non

121 1199 254 1236 infusis
288 1202 459 1248 pedibus,
483 1205 578 1240 sicut
599 1216 712 1251 supra
742 1210 896 1250 terram,

121 1257 199 1282 non
230 1248 380 1293 quidem
403 1256 594 1297 assumpta
628 1252 809 1297 agilitate,
832 1254 898 1289 sed

123 1295 290 1339 corporis
309 1298 505 1343 gravitate,
527 1302 563 1334 et
584 1310 765 1344 aquarum
786 1300 895 1346 liqui-

121 1340 237 1377 ditate
259 1347 433 1380 manente
465 1357 472 1380 :
498 1347 672 1391 cognovit
690 1346 789 1382 enim
816 1358 895 1383 cre-

121 1390 229 1423 atura
249 1400 356 1425 suum
381 1392 609 1437 Creatorem,
641 1394 745 1439 cujus
782 1394 895 1430 etiam

120 1436 298 1480 potestati
320 1438 497 1483 subjectae
520 1443 605 1475 sunt
624 1451 755 1475 omnes
777 1441 894 1477 tribu-

119 1481 279 1518 lationes
296 1485 438 1522 mundi.
462 1486 565 1522 Unde
583 1486 806 1523 miraculose
824 1489 895 1524 hoc

120 1528 221 1573 fecit,
244 1529 340 1565 sicut
373 1533 543 1577 quando,
574 1533 679 1577 virgo
720 1545 892 1579 manens,

119 1575 232 1621 Virgo
255 1578 421 1623 peperit,·
455 1583 492 1615 et
523 1581 686 1625 quando,
716 1585 893 1617 manente

120 1624 288 1668 corporis
324 1625 525 1671 soliditate,
552 1638 619 1673 per
649 1628 893 1665 clausaostia

117 1670 298 1706 Dominus
320 1673 482 1708 intravit.

167 1720 187 1751 5
209 1719 360 1753 Accssnrr
378 1721 540 1756 Donixus
559 1732 669 1757 surm
695 1734 810 1761 AQUAs
830 1734 893 1758 An-

118 1775 268 1800 BULANS.
292 1786 335 1792 -—
355 1767 446 1802 Cum
465 1771 590 1803 autem
609 1769 894 1814 appropinqua-

119 1810 172 1846 vit
191 1811 290 1856 navi,
313 1813 488 1858 discipuli
502 1816 664 1850 videntes
685 1826 764 1850 eum
784 1827 892 1861 super

117 1868 217 1893 mare
247 1860 493 1896 ambulantem
528 1862 668 1897 turbati
694 1866 791 1906 sant,
816 1874 891 1907 prae

118 1904 268 1948 timore,
287 1906 443 1942 dicentes
463 1919 470 1942 :
489 1910 577 1953 quia
588 1911 809 1954 phantasma
824 1914 888 1951 est,
922 1910 925 1919 “

117 1954 156 1987 et
186 1952 369 1997 apparitIO
406 1954 460 1990 rei
500 1966 575 1990 non
606 1956 810 2000 existentis,
832 1957 890 1992 vel

116 1997 275 2044 alicujus
302 2000 454 2045 spiritus
482 2013 616 2038 nocere
647 2003 824 2046 volentis3
853 2007 891 2039 et

117 2047 243 2080 tamen
259 2047 338 2091 jam
356 2047 527 2084 viderant
542 2060 627 2084 eum
649 2053 751 2085 tanta
774 2050 888 2086 mira-

117 2092 201 2127 cula
220 2093 364 2139 secisse,
384 2096 497 2140 quod,
525 2097 680 2132 credere
706 2098 889 2133 deberent

119 2138 240 2183 ipsum
259 2151 370 2186 super
396 2152 512 2187 aquas
533 2153 641 2188 posse
680 2145 885 2180 ambulare.

116 2187 160 2220 Et
179 2188 280 2230 quia,
305 2190 342 2222 ut
376 2199 419 2223 ex
450 2190 520 2224 hoc
556 2195 724 2236 apparet,
766 2202 889 2236 parvae

117 2231 205 2267 fidei
232 2238 341 2269 erant
359 2246 367 2278 ;
391 2235 489 2280 ideo,
513 2247 568 2272 eos
587 2241 772 2282 praetert're
792 2240 888 2274 vole-

117 2279 191 2317 bat.
225 2280 263 2315 id
308 2284 363 2316 est
398 2283 445 2317 ad
472 2284 625 2319 modum
660 2285 816 2329 volentis
851 2296 890 2321 se

118 2325 295 2371 habebat,
315 2339 358 2363 eo
380 2330 490 2365 modo
523 2331 617 2366 sicut
648 2336 731 2377 post
764 2343 890 2368 resur-

116 2373 323 2409 rectionem
339 2386 444 2410 suam
470 2378 666 2413 ambulans
691 2389 774 2414 cum
796 2379 889 2415 duo-

116 2419 186 2455 bus
207 2420 410 2466 discipulis,
432 2425 541 2467 ftnaeic
575 2435 611 2459 se
649 2427 791 2467 boninus
823 2428 890 2469 ire,

113 2465 296 2511 quianon
316 2471 633 2515 cognoscebatur;
664 2473 758 2508 tales
793 2472 893 2509 enim

115 2513 368 2559 apparitiones
389 2517 479 2550 liunt
494 2518 741 2554 communiter
762 2530 892 2555 secun-

114 2560 203 2595 dum
229 2560 514 2606 dispositionem
542 2564 759 2601 interiorem
787 2566 888 2611 ipso-

115 2617 199 2642 rum
219 2607 355 2652 quibus
376 2610 642 2647 ostenduntur.
665 2612 751 2647 Ideo
773 2613 888 2649 etiam

114 2654 162 2690 ad
179 2655 311 2690 horam
331 2658 515 2700 praeterire
535 2659 691 2700 volebat,
712 2662 751 2694 ut
770 2659 887 2696 dilata

111 2701 233 2746 gratIa
255 2702 372 2747 magis
392 2706 500 2748 grata
526 2703 634 2745 foret,
659 2708 696 2740 et
714 2705 885 2742 liberatio

112 2747 257 2783 dulcior
277 2753 398 2792 esset;
418 2749 471 2785 sic
489 2753 525 2785 et
543 2753 655 2796 finoeit
684 2762 720 2786 se
742 2754 885 2797 lonyius

110 2795 174 2838 ire,
219 2798 258 2830 ut
295 2796 524 2833 desiderium
563 2799 798 2835 accenderet.
838 2801 885 2837 At

974 456 1028 492 vit
1062 468 1140 502 eos,
1181 460 1302 494 dicens
1343 470 1352 495 t
1390 461 1525 495 Habete
1567 462 1753 509 fiduciam,

976 504 1117 540 scilicet
1140 504 1386 550 liberationis,
1414 510 1545 544 contra
1576 509 1753 554 despera-

975 550 1116 587 tionem
1136 552 1388 588 tribulationis
1411 564 1419 588 :
1438 556 1514 598 1390
1531 566 1609 590 sum
1627 583 1636 599 ,
1656 555 1755 592 libe-

976 601 1092 643 rator,
1114 610 1189 635 non
1210 601 1446 645 phantasma,
1473 604 1583 637 nolite
1612 604 1751 648 timere,

976 645 1063 690 quia
1095 656 1248 691 possum
1268 657 1332 682 vos
1357 647 1402 683 de
1441 648 1606 693 periculo
1640 659 1750 695 aquae

975 691 1133 737 eripere.
1159 694 1371 729 Secundum
1389 696 1659 742 Hiwvnymum,
1675 707 1752 733 non

974 738 1065 774 dixit
1091 739 1172 785 quis
1199 744 1310 783 esset,
1332 751 1375 776 ex
1402 752 1491 777 voce
1519 742 1657 778 etenim
1681 742 1752 780 sibi

974 789 1062 821 nota
1083 790 1258 832 poterant
1283 787 1503 832 Magistrum
1529 799 1750 835 agnoscere,

973 833 1031 868 vel
1062 836 1102 868 ut
1135 833 1389 879 intelligerent
1420 834 1542 880 ipsum
1581 847 1666 872 esse
1686 837 1752 883 qui

974 880 1090 926 Moysi
1113 880 1257 916 dixerat
1284 893 1291 916 ε
1314 882 1384 924 Qui
1404 886 1467 926 est,
1493 885 1595 918 misit
1620 894 1674 919 me
1703 884 1753 920 ad

973 937 1047 961 vos.
1077 927 1146 963 Ubi
1179 929 1450 972 Chrysostomus
1475 942 1485 964 .·
1510 943 1526 962 (ι
1552 931 1632 965 Non
1661 940 1752 976 cog-

973 975 1177 1009 noscebant
1215 985 1416 1020 personam
1463 977 1557 1021 ejus,
1596 980 1750 1023 propter

974 1021 1164 1063 tenebras3
1195 1021 1321 1056 statim
1342 1025 1467 1058 autem
1489 1023 1527 1058 in
1547 1033 1638 1059 voce
1663 1034 1751 1071 cog—

974 1071 1159 1103 noverunt
1177 1078 1274 1112 eum,
1293 1071 1330 1103 et
1350 1068 1462 1104 timor
1479 1070 1622 1105 solutus
1640 1073 1709 1106 est.
1730 1084 1749 1103 »

974 1113 1042 1149 Ubi
1083 1117 1119 1149 et
1156 1116 1373 1160 Theophilus
1395 1127 1402 1150 ε
1438 1130 1456 1150 α
1495 1118 1586 1152 Cum
1625 1120 1752 1153 autem

974 1161 1148 1196 homines
1168 1162 1223 1196 vel
1252 1162 1442 1198 daemones
1461 1174 1530 1198 nos
1550 1174 1618 1209 per
1637 1163 1748 1200 timo—

973 1218 1053 1242 rem
1082 1208 1250 1243 nituntur
1276 1219 1525 1253 commovere,
1552 1210 1749 1246 audiamus

974 1254 1165 1290 Ctirhtuin
1187 1255 1371 1291 dicentem
1391 1267 1398 1290 :
1421 1259 1496 1300 Effe
1516 1268 1608 1297 sum,
1637 1259 1750 1294 nolite

972 1302 1109 1340 timere.
1132 1301 1170 1336 id
1197 1306 1252 1338 est
1272 1313 1340 1348 ego
1362 1313 1510 1349 semper
1536 1304 1685 1348 assisto,
1713 1306 1750 1340 et

972 1347 1066 1383 sicut
1098 1349 1195 1383 Deus
1230 1359 1446 1394 permaneo,
1466 1354 1502 1385 ot
1541 1361 1748 1396 numquam

971 1398 1203 1440 pertranseo.
1220 1397 1300 1431 Non
1316 1396 1481 1442 perdatis
1503 1397 1540 1432 in
1559 1408 1617 1434 me
1634 1397 1749 1444 igitur

971 1442 1100 1486 fidem,
1123 1453 1190 1487 pro
1210 1443 1312 1478 salsis
1330 1443 1549 1480 terroribus.
1574 1458 1593 1476 »

1017 1492 1038 1531 lt
1058 1490 1265 1525 Annumrio
1298 1491 1406 1525 Parni
1428 1503 1538 1526 suurn
1573 1503 1681 1527 MARE.
1703 1495 1749 1518 —-'

970 1537 1073 1570 Tunc
1104 1538 1238 1571 Petrus
1265 1547 1394 1572 amore
1415 1539 1627 1573 vehementi
1661 1549 1745 1575 suc·

970 1593 1119 1626 census,
1139 1586 1175 1618 et
1196 1583 1422 1628 stimulatus,
1450 1584 1679 1630 cupiensque
1700 1585 1748 1622 ad

969 1629 1169 1665 Dominum
1194 1631 1336 1671 venIre,
1365 1634 1401 1666 et
1419 1631 1470 1665 illi
1499 1632 1745 1677 propinquior

969 1686 1066 1720 esse,
1088 1676 1179 1711 dixit
1201 1688 1209 1712 z
1231 1679 1393 1719 Domine,
1423 1680 1456 1713 εἰ
1477 1682 1515 1713 tu
1534 1689 1582 1719 es,
1606 1679 1748 1716 scilicet

968 1722 1148 1758 liberator
1176 1728 1212 1759 et
1228 1725 1410 1768 Salvator,
1427 1725 1515 1768 jube
1542 1736 1594 1760 me
1627 1728 1748 1762 venire

967 1771 1016 1804 att
1035 1774 1067 1804 te
1090 1781 1197 1815 super
1216 1782 1346 1815 aquam.
1370 1771 1481 1814 Quasi
1505 1771 1662 1817 (liceret,
1685 1783 1742 1809 se-

967 1817 1131 1852 cundum
1161 1819 1419 1861 Hieronymum
1448 1830 1455 1853 :
1482 1820 1535 1853 Tu
1568 1819 1743 1865 przecipe,

965 1867 1002 1898 et
1022 1863 1120 1898 illico
1144 1863 1408 1899 solidabuntur
1429 1865 1557 1908 undte3
1581 1866 1662 1902 leve
1680 1867 1747 1902 fiet

966 1920 1116 1955 corpus,
1137 1911 1235 1955 quod
1251 1921 1317 1956 per
1334 1922 1372 1947 se
1389 1915 1443 1946 est
1458 1923 1584 1957 grave.
1599 1913 1651 1948 At
1668 1914 1745 1959 ipse

965 1957 1158 2000 Dominus,
1188 1958 1346 1993 innuens
1366 1958 1417 1992 illi
1446 1969 1534 1994 voce
1555 1963 1592 1994 et
1616 1970 1743 2005 manu,

964 2003 1088 2049 inquit
1111 2016 1118 2039 :
1146 2006 1249 2041 Veni.
1272 2006 1316 2040 Et
1346 2005 1510 2041 confisus
1532 2006 1576 2041 de
1594 2007 1746 2043 Domini

963 2052 1144 2096 potentia,
1175 2051 1308 2087 insiliit
1334 2051 1372 2087 in
1393 2063 1495 2088 mare
1519 2064 1526 2087 z
1554 2054 1745 2100 coepitque

964 2101 1001 2133 et
1029 2097 1107 2143 ipse
1128 2109 1243 2143 supra
1270 2109 1374 2134 mare
1396 2100 1604 2143 ambulare,
1630 2104 1669 2136 ut
1694 2101 1744 2137 ad

962 2146 1091 2181 Jesum
1123 2148 1250 2190 posset
1290 2145 1428 2181 venire.
1468 2146 1566 2181 Felix
1603 2150 1742 2192 motus,

964 2191 1054 2237 quia
1077 2202 1188 2237 super
1215 2202 1332 2237 aquas
1360 2193 1561 2228 mundanae
1586 2204 1745 2239 prospe-

964 2238 1091 2274 tetatis
1111 2249 1178 2284 per
1204 2242 1486 2284 conte1nptum;
1511 2240 1576 2275 sed
1601 2240 1745 2276 felicior

964 2285 1160 2329 terminus,
1189 2285 1276 2331 quia
1300 2290 1340 2321 ut
1361 2286 1504 2321 veniret
1534 2287 1581 2323 ad
1615 2289 1745 2323 Jesum

967 2332 1198 2368 Salvatorem
1230 2331 1459 2368 animarum!
1500 2335 1539 2368 In
1583 2336 1743 2379 tantum,

965 2379 1066 2414 enim
1090 2379 1328 2415 desiderabat
1354 2379 1488 2415 Christi
1511 2380 1742 2426 societatem,

967 2426 1067 2471 quod
1106 2425 1259 2461 nolebat
1293 2430 1508 2472 exspectare
1542 2428 1745 2464 adventum

966 2473 1046 2518 ejus
1068 2483 1185 2518 usque
1213 2472 1261 2507 ad
1291 2484 1449 2517 navem;
1494 2474 1558 2509 sed
1596 2474 1745 2510 volebat

967 2530 1163 2555 occurrere
1184 2529 1297 2564 super
1317 2530 1468 2565 aquam,
1492 2520 1643 2565 oblitus,
1663 2530 1744 2566 prae

966 2577 1095 2602 amore
1116 2565 1266 2610 Christi,
1286 2577 1391 2612 aquae
1410 2567 1632 2612 periculum.
1656 2567 1743 2603 Ubi-

967 2624 1039 2659 que
1051 2613 1501 2657 Petrusfrequentissimae
1517 2613 1744 2650 etardentis-

966 2660 1069 2696 simae
1096 2659 1183 2695 fidei
1217 2660 1329 2695 fuisse
1350 2664 1592 2696 monstratur.
1615 2662 1743 2707 Neque

965 2707 1066 2743 enim
1092 2706 1383 2752 profundissimo
1402 2708 1533 2753 pelago
1557 2717 1639 2743 sese
1660 2718 1740 2760 cre-

966 2754 1161 2798 deret,nisi
1174 2754 1287 2789 fidem
1302 2754 1547 2790 certissimam
1563 2755 1608 2789 de
1616 2756 1739 2790 Doml-

966 2811 1015 2837 no
1032 2801 1200 2838 haberet.
1223 2800 1370 2838 Sciebat
1388 2801 1488 2837 enim
1510 2801 1740 2838 Salvatorem
