1894 3186
133 176 190 213 152
625 178 769 212 PRIMAE
805 176 960 211 PARTIS
997 177 1133 211 CAPUT
1170 180 1252 212 LXV

137 259 239 302 nem,
262 250 375 292 caveis,
397 247 435 284 id
464 251 521 285 est
554 248 765 285 Gentilibus
797 258 910 284 excae-

136 295 229 332 catis
252 306 321 342 per
344 306 535 341 errorem;
560 296 743 332 dimittere
768 296 909 340 confra-

136 347 222 387 ctos,
255 346 291 378 et
316 343 513 395 depressos
549 343 777 399 importabili
814 353 906 388 pon-

137 390 226 426 dere
247 389 367 442 Legis,
401 392 440 425 in
474 393 734 434 remissionem,
767 390 908 425 scilicet

137 447 205 483 per
223 437 382 483 gratiam
412 448 517 473 novae
545 436 652 482 Legis
673 437 904 479 alleviando;
942 441 944 447 “

133 485 336 530 praedicare
364 495 499 520 annum
534 486 679 519 Domini
709 487 905 535 acceptam,
942 507 944 518 .

135 541 279 566 annum
331 530 473 567 scilicet
509 530 767 576 benignitatis,
822 529 909 576 quia

135 589 229 613 nunc
250 582 388 623 tempus
427 580 660 624 acceptabile,
699 589 793 613 nun«
831 578 907 612 dies

135 626 280 669 salutis,
305 625 374 661 iste
395 636 517 661 annus
544 629 601 661 est
620 628 738 661 totum
759 630 907 670 tempus

133 672 321 714 Ecclesiae,
357 676 392 708 et
431 671 643 718 specialiter
673 682 792 708 annus
816 672 906 706 Pas-

132 718 244 754 sionis
271 718 420 763 Christi,
446 720 483 754 in
515 730 586 764 quo
622 718 803 755 Dominus
832 718 909 764 pla-

133 769 237 802 catus
275 769 331 801 est
376 767 539 801 humano
589 766 734 811 generi,
786 766 908 800 soluta

130 813 289 848 emenda
311 812 420 858 primi
443 812 605 858 peccati;
631 817 663 848 et
684 814 778 847 diem
797 813 906 847 retri-

132 859 490 902 butiona's‚extie111i
523 841 652 904 judicii
685 858 906 894 sententiam

129 906 392 941 comminando
404 906 607 941 secundum
621 906 766 950 merita,
778 905 841 942 ubi
853 916 909 941 re-

130 952 316 988 tribuetur
349 955 542 997 unicuiqae
573 954 767 988 secundum
801 964 908 999 opera

130 1010 208 1034 sua.
233 1001 450 1045 Tanguntur
473 1004 597 1035 autem
618 1000 677 1035 hic
699 1011 760 1036 sex
781 999 907 1036 condi-

136 1046 270 1090 tiones,
294 1057 385 1091 quas
406 1046 515 1082 debet
528 1047 668 1083 habere
685 1047 910 1093 praedicator

139 1094 195 1128 vel
216 1094 394 1139 praelatus
418 1105 424 1128 :
454 1093 575 1139 prima
604 1098 661 1130 est
686 1094 909 1130 miserorum

141 1140 359 1184 consolatio,
373 1140 443 1177 ibi:
466 1143 728 1185 Evanqelizare
737 1143 908 1187 pauperi-

142 1188 228 1231 bus;
260 1188 422 1223 secunda
442 1191 498 1223 est
532 1188 793 1234 poenitentium
820 1199 909 1224 con-

139 1234 305 1277 fortatio,
334 1234 406 1271 ibi:
430 1246 559 1270 sanare
581 1238 777 1279 contritos,
799 1235 910 1271 tertia

140 1285 196 1317 est
218 1281 446 1328 captivorum
471 1282 644 1326 visitatio,
669 1282 745 1318 ibi:
768 1283 908 1328 praedi-

139 1339 219 1364 carc
238 1331 393 1374 captiuis
410 1331 653 1364 remissionem
672 1341 680 1373 3
703 1333 837 1374 quarta
853 1333 909 1365 est

133 1375 392 1421 imperitorum
420 1376 629 1420 instructio,
651 1375 701 1411 ibi
724 1389 734 1411 .·
757 1380 789 1411 et
809 1379 908 1412 caecis

132 1424 250 1457 visum
269 1434 276 1465 ;
299 1424 430 1467 quinta
451 1427 504 1458 est
524 1434 787 1468 oppressorum
816 1423 908 1458 rele-

137 1469 251 1512 vatio,
270 1469 320 1504 1111
338 1481 345 1504 z
366 1471 548 1504 dimittere
563 1471 787 1514 confractos3
806 1474 907 1505 sexta

140 1520 197 1551 est
219 1516 413 1562 pigrorum
450 1516 635 1560 excitatio,
664 1516 715 1551 ibi
743 1528 750 1551 z
777 1518 908 1561 praedi-

138 1574 217 1599 care
231 1574 362 1598 annum
383 1566 527 1598 Domini
546 1567 743 1608 acceptum,
767 1567 798 1598 et
813 1565 906 1599 diem

138 1611 400 1646 retributionis,
419 1610 643 1645 Revolutum
663 1621 750 1655 crgo
769 1610 906 1646 librum

138 1656 244 1702 legit,
267 1657 355 1702 quia
380 1657 501 1702 palam
527 1657 671 1693 locutus
694 1660 749 1693 est
769 1661 805 1693 et
823 1669 903 1694 om-

138 1714 225 1739 nem
242 1704 437 1739 veritatem
459 1704 595 1739 docuit.

183 1754 203 1786 5
226 1752 276 1786 DE
290 1763 511 1786 REVERENTIA
528 1763 619 1786 ERGA
636 1763 760 1787 LIBROS
776 1764 903 1788 SACROS

138 1809 301 1834 BABENDA
322 1811 363 1833 ET
383 1811 426 1833 DE
446 1810 724 1834 PULCHRITUDINE
745 1800 900 1835 CHRISTI

127 1864 174 1874 —
194 1846 238 1880 Et
255 1844 390 1881 deinde
404 1844 529 1890 plicuit
543 1845 704 1881 librum
696 1856 733 1880 in
755 1856 826 1891 quo
851 1847 902 1881 le-

132 1895 251 1939 gerat,
276 1892 313 1926 in
333 1903 404 1937 quo
432 1891 639 1937 intelligere
666 1892 780 1936 dedit,
805 1893 902 1938 quod

131 1950 210 1975 non
224 1939 350 1974 omnia
364 1939 537 1974 omnibus
551 1942 637 1974 sunt
648 1940 899 1985 praedicanda.

131 1987 207 2021 Hoc
242 1985 353 2021 etiam
402 1986 500 2029 fecit,
541 1986 587 2021 ad
631 1987 902 2022 ostendendum

135 2032 232 2078 quod
246 2032 329 2068 libri
346 2044 459 2068 sacrae
473 2033 672 2077 Scripturae
686 2038 903 2070 rexei‘enter

133 2080 316 2115 tractandi
348 2084 444 2115 sunt.
479 2081 581 2116 Unde
609 2084 645 2115 et
667 2081 784 2117 Judaei
808 2082 903 2116 hanc

134 2127 382 2162 reverentiam
402 2126 540 2163 faciunt
559 2127 663 2163 libris
678 2128 823 2164 Veteris
840 2130 904 2164 Te-

134 2173 323 2217 stamenti,
362 2175 460 2219 quod
511 2175 612 2210 nullo
658 2176 767 2210 modo
801 2176 905 2221 juxta

137 2220 221 2255 illos
248 2221 421 2256 sederent
458 2224 532 2257 tam
565 2222 652 2265 alte,
681 2233 792 2267 quam
820 2222 905 2258 libri

138 2271 223 2302 sunt
244 2267 353 2312 positi
383 2279 390 2311 ;
427 2269 542 2303 multo
577 2268 695 2314 magis
728 2270 905 2305 debemus

138 2324 208 2349 nos
229 2313 478 2350 reverentiam
500 2315 605 2351 libris
624 2316 815 2363 Evangelii
843 2327 907 2352 ex—

136 2360 282 2404 hibeie,
303 2361 414 2405 quod,
448 2365 563 2397 tantae
589 2366 645 2398 est
670 2363 906 2407 reverentiae,

137 2410 192 2451 ut,
208 2408 410 2443 secundum
426 2409 730 2455 chrysostomum,
747 2421 777 2446 Sl
793 2412 910 2446 Exan

139 2453 280 2506 gelium
299 2456 485 2500 suscipere
500 2459 703 2507 oporteret,
726 2468 802 2493 non
822 2457 909 2493 lotis

138 2500 326 2543 manibus,
362 2512 438 2536 non
479 2502 605 2547 utique
644 2504 800 2549 eligeres
840 2505 909 2540 hoc

140 2547 276 2583 facere.
301 2549 350 2582 Ex
373 2558 444 2593 quo
462 2553 565 2594 patet
591 2551 688 2595 quod
710 2551 909 2587 Christiani

141 2597 227 2630 sunt
246 2595 402 2630 multum
418 2596 730 2647 reprehendendi,
753 2597 815 2643 qui
833 2610 909 2635 non

145 2641 265 2678 solum
283 2641 397 2677 libros
418 2641 561 2677 Veteris
582 2645 825 2687 Testamenti,
845 2647 909 2682 sed

145 2688 257 2725 etiam
286 2688 391 2733 Novi,
425 2692 461 2724 et
498 2699 605 2725 sacra
635 2692 838 2736 Evangelia
857 2692 909 2728 ita

143 2734 241 2771 irrev
246 2739 395 2771 eleuter
420 2739 594 2779 tractant,
630 2740 666 2772 et
686 2739 906 2785 quandoque

143 2780 423 2827 irreverentius,
442 2793 551 2829 quam
571 2765 686 2820 libros
705 2785 906 2823 Gentilium

983 246 1261 295 damnatorum,
1275 261 1341 287 seu
1352 254 1488 295 vestes,
1503 254 1540 287 et
1552 251 1669 287 multa
1679 251 1753 288 alia

983 305 1109 330 rerum
1122 298 1409 334 transeuntium.
1425 299 1468 333 Et
1479 299 1573 334 bene
1590 298 1679 334 dicit
1695 309 1751 334 re-

982 343 1096 377 volvit
1117 347 1153 379 et
1176 346 1339 398 pticuit3
1360 356 1428 381 nec
1444 344 1533 381 dicit
1552 345 1697 391 aperuit
1717 348 1756 382 et

985 388 1130 435 clausit,
1154 391 1243 438 quia
1274 392 1358 429 libri
1392 393 1607 429 Judaeorum
1634 392 1672 427 in
1693 403 1754 428 ro-

984 436 1076 471 tulis
1103 443 1204 474 sunt.
1229 440 1404 475 Reddidit
1422 444 1541 475 autem
1569 441 1756 483 ministro,

985 482 1123 519 librum
1158 486 1351 532 plicatum,
1383 486 1471 532 quia
1497 486 1579 522 aliis
1604 485 1760 522 tradidit

987 532 1270 583 evangelizandi
1298 534 1478 576 officium,
1501 537 1537 570 et
1562 544 1630 579 pro
1649 535 1762 579 raptu

987 578 1236 624 audientium,
1260 580 1446 617 commisit
1464 580 1761 625 dispensandum

986 626 1165 670 v3erbum
1191 632 1223 663 et
1249 629 1356 672 sedit,
1390 631 1430 663 ut
1458 628 1622 663 sedendo
1651 637 1760 673 expo-

984 676 1091 708 neret
1127 655 1285 718 niature,
1319 675 1419 720 quod
1450 675 1582 710 stando
1617 674 1760 719 legerat

982 725 1196 757 reverenter
1223 725 1259 757 et
1279 722 1422 757 devote.
1456 723 1565 757 Stans
1587 732 1675 767 ergo
1709 720 1760 756 le-

982 766 1049 811 git,
1068 769 1153 812 quia
1173 769 1262 804 dum
1281 767 1390 804 nobis
1405 768 1615 814 Scripturas
1634 777 1759 803 sacras

983 815 1142 859 aperuit,
1174 815 1213 850 in
1244 826 1356 868 carne
1386 819 1561 862 operatus
1588 817 1661 858 est;
1691 813 1756 850 sed

983 865 1114 906 postea
1135 863 1242 907 sedit,
1267 862 1354 908 quia
1380 874 1419 899 se
1447 873 1618 907 supernae
1640 860 1757 914 quieti

984 908 1160 944 restituit.
1202 912 1245 945 Et
1288 910 1510 946 instruimm
1556 909 1630 952 hic,
1671 907 1759 953 quia

984 955 1106 1000 piimo
1124 956 1232 991 nobis
1249 960 1304 992 est
1318 957 1521 993 sedendum
1537 960 1571 992 et
1590 956 1756 991 flendum

984 1013 1052 1048 per
1072 1003 1320 1039 humilitatem
1338 1003 1599 1057 poenitentiae3
1622 1002 1759 1038 deinde

986 1051 1217 1094 surgendum
1250 1062 1272 1086 a
1292 1050 1391 1086 vitiis
1422 1061 1489 1097 per
1516 1050 1760 1085 serenitatem

986 1097 1257 1141 conscientiae;
1284 1099 1394 1135 tertio
1412 1098 1625 1143 terrendum
1645 1096 1681 1132 id
1703 1098 1760 1132 est

986 1144 1082 1179 bene
1110 1127 1354 1190 opeian’dum,
1382 1145 1611 1191 praelatoque
1647 1143 1695 1179 eti
1700 1152 1762 1179 am

985 1191 1279 1236 praedicandum,
1302 1196 1338 1228 et
1358 1196 1488 1238 postea
1503 1191 1760 1235 iesidendum‚

986 1238 1140 1283 piaemia
1171 1239 1306 1292 quietis
1340 1239 1602 1292 exspectando,
1645 1240 1683 1273 ut
1716 1247 1761 1273 ea

985 1285 1135 1320 demum
1171 1286 1411 1331 accipiamus,
1459 1286 1497 1321 in
1540 1285 1673 1330 quibus
1720 1284 1759 1319 in

984 1335 1167 1368 aeteinum
1194 1333 1441 1378 quiescamus.
1469 1335 1516 1368 Et
1537 1334 1695 1367 omnium
1718 1332 1758 1366 in

983 1389 1169 1422 synaqoqa
1192 1381 1289 1414 oculi
1324 1384 1426 1414 erant
1460 1379 1683 1414 intendentes
1717 1379 1757 1413 in

984 1436 1075 1465 eum,
1115 1430 1268 1472 propte1
1301 1426 1506 1462 efficaciam
1539 1426 1755 1469 verborum,

985 1475 1020 1507 et
1041 1477 1234 1518 aspectum
1265 1473 1443 1509 humilem
1481 1476 1518 1508 et
1550 1472 1754 1515 deceium5

986 1519 1072 1563 quia
1106 1531 1141 1554 111
1179 1519 1272 1555 facie
1305 1521 1399 1565 ejus,
1441 1519 1593 1565 quidam
1632 1519 1757 1563 fulgor

985 1566 1118 1601 divinae
1142 1566 1272 1611 gratiae
1292 1567 1494 1608 relucebat,
1517 1577 1580 1611 qui
1609 1565 1755 1601 animos

982 1612 1206 1649 intuentium
1224 1615 1448 1650 attrahebat.
1466 1613 1549 1649 Fuit
1563 1612 1660 1648 enim
1677 1611 1757 1657 pul-

983 1660 1191 1696 cherrimus
1214 1672 1221 1696 :
1246 1665 1373 1707 utpote
1398 1661 1501 1707 virgo
1523 1660 1568 1695 de
1588 1658 1754 1704 Virgine,

982 1717 1057 1742 non
1079 1719 1122 1742 ea:
1143 1709 1327 1743 voluntate
1347 1710 1479 1749 carnis,
1502 1717 1614 1752 neque
1633 1717 1676 1741 ea:
1693 1717 1754 1741 υο-

983 1755 1121 1789 luntate
1155 1757 1240 1795 viri,
1269 1756 1331 1790 sed
1360 1766 1403 1790 eoe
1428 1758 1497 1790 Deo
1524 1757 1645 1789 natus.
1675 1752 1757 1789 Fuit

981 1804 1016 1836 et
1038 1801 1383 1846 eloquentissimus3
1405 1806 1440 1837 et
1460 1802 1505 1837 de
1528 1804 1683 1845 utroque
1705 1798 1758 1835 sic

980 1847 1013 1882 ei
1033 1847 1171 1883 dictum
1188 1849 1269 1884 fuel
1272 1853 1309 1884 at
1325 1860 1388 1893 per
1405 1849 1653 1894 prophetam:
1673 1848 1758 1891 Spe-

979 1897 1094 1929 ciosus
1105 1897 1222 1938 forma
1232 1898 1403 1941 praeflliis
1413 1897 1608 1935 hominum,
1619 1894 1757 1938 diffusa

980 1945 1031 1976 est
1045 1944 1167 1985 qratia
1183 1945 1220 1977 in
1235 1944 1343 1978 labiis
1358 1945 1442 1978 tuis.
1460 1944 1503 1977 Et
1520 1940 1756 1988 prophetiam

979 2000 1091 2033 quam
1111 1990 1264 2034 legerat,
1288 1990 1324 2025 in
1345 1989 1465 2035 seipso
1487 1989 1675 2034 impletam
1694 1998 1754 2023 os-

982 2036 1152 2079 tendens,
1167 2019 1272 2082 coepi’t
1293 2038 1408 2072 dicere
1427 2038 1475 2072 ad
1495 2038 1578 2071 illos
1601 2047 1608 2071 :
1630 2037 1756 2071 Atten-

980 2082 1057 2118 dite
1078 2087 1113 2118 et
1136 2084 1346 2129 intelligite,
1371 2086 1458 2129 quia
1478 2084 1582 2118 hodie
1604 2083 1756 2127 impleta

980 2133 1031 2165 est
1055 2131 1245 2175 Scriptura
1271 2133 1342 2166 liaec
1366 2134 1406 2166 in
1433 2131 1582 2166 auribus
1606 2130 1753 2174 vestris,

982 2177 1120 2212 scilicet
1132 2177 1168 2212 in
1184 2177 1338 2223 meipso.
1360 2178 1553 2223 Impletam
1570 2176 1657 2212 dicit
1673 2186 1756 2212 esse

985 2224 1230 2270 Scripturam,
1242 2224 1328 2269 quia
1340 2224 1432 2260 sicut
1446 2225 1508 2260 illa
1518 2223 1755 2269 praedixerat,

986 2271 1037 2306 sic
1069 2272 1148 2317 ipse
1175 2271 1346 2307 faciebat.
1381 2271 1492 2314 Quasi
1519 2271 1678 2306 diceret:
1713 2271 1756 2305 In

984 2329 1043 2354 me
1065 2318 1254 2371 impletam
1283 2322 1319 2354 et
1344 2318 1470 2354 videre
1495 2317 1650 2364 potestis
1668 2327 1755 2352 ocu-

985 2365 1044 2406 lis,
1075 2365 1164 2411 quia
1196 2367 1277 2400 caeci
1306 2367 1443 2410 vident,
1479 2366 1603 2402 claudi
1628 2365 1755 2399 ambu-

986 2413 1077 2456 lant,
1096 2423 1274 2458 paupeies
1292 2394 1610 2457 etanqel’izantur3
1633 2415 1667 2446 et
1690 2421 1755 2447 au-

985 2459 1066 2494 dire
1093 2459 1205 2495 etiam
1229 2463 1340 2504 atque
1366 2459 1574 2506 intelligere
1602 2457 1756 2494 auribus

986 2506 1135 2550 mentis,
1176 2517 1258 2542 cum
1282 2506 1385 2542 vobis
1414 2518 1496 2543 eam
1523 2504 1756 2552 exposuerim

986 2553 1031 2588 ad
1047 2563 1106 2589 me
1125 2564 1205 2589 esse
1224 2553 1473 2590 referendam.

1031 2604 1052 2643 4
1080 2600 1221 2636 Omnium
1243 2600 1407 2636 Onnmnu
1425 2612 1560 2636 omem
1579 2612 1615 2635 ΙΝ
1631 2611 1755 2634 snum-

984 2658 1061 2682 1pso
1085 2659 1294 2683 ADIMPLEVIT
1315 2648 1555 2684 1301051115.-
1574 2646 1753 2691 Conspice

983 2695 1078 2730 bene
1117 2693 1313 2730 Dominum
1342 2695 1526 2740 quomodo
1561 2693 1754 2730 humiliter

984 2741 1189 2787 suscipiens
1204 2741 1368 2777 Lectoris
1388 2741 1567 2785 officium,
1588 2739 1752 2786 benigno

982 2791 1019 2824 et
1044 2788 1189 2833 placido
1219 2788 1323 2824 vultu
1352 2788 1442 2834 legit
1469 2788 1567 2824 inter
1599 2798 1675 2824 005.
1707 2788 1752 2824 Ut
