1894 3186
138 174 178 207 (56
652 162 792 197 PRIMAE
828 163 986 198 PARTIS
1022 163 1160 198 CAPUT
1199 164 1276 198 Ltv

134 238 305 277 verantia
324 237 409 272 vitae
430 237 649 281 assumptas,
674 234 763 270 dum
784 234 913 270 incon-

133 288 296 324 siderate
318 283 537 329 aggreditur
572 282 670 317 viam
698 292 810 328 quam
841 292 914 317 non

134 338 257 381 potest
285 331 481 378 perficere.
508 329 610 365 Unde
640 329 728 364 huic
756 328 818 374 qui
847 339 912 374 ag-

134 381 303 428 greditur
324 378 421 414 viam
440 375 681 423 perfectionis
701 376 915 411 necessaria

136 433 193 465 est
220 425 409 469 discretio,
432 428 471 460 ut
491 423 702 459 consideret
724 425 752 458 si
779 424 916 458 habeat

136 475 228 512 illud
259 473 358 519 quod
388 471 435 508 ad
469 472 539 506 hoc
575 470 791 516 requiritur,
814 470 915 515 quod

137 526 193 559 est
211 520 390 557 fortitudo
412 517 526 554 animi
549 518 595 553 ad
624 517 914 562 relinquendum

137 571 265 606 omnia
297 571 334 604 et
364 565 626 602 sustinendum
659 565 819 599 adversa
847 574 913 609 pro

138 619 244 654 Deo:
272 626 318 651 ne
347 616 497 659 propter
524 611 831 647 indiscretionem
854 621 913 646 re-

138 664 238 701 siliat
258 664 304 698 ab
325 661 486 706 incepto.
510 660 553 694 Et
577 659 646 693 hoc
667 657 830 693 ostendit
852 668 918 702 per

140 709 425 748 similitudinem
464 706 510 741 de
545 705 692 741 volente
724 704 917 740 {edificare

139 758 289 800 turrim,
315 756 350 790 id
378 757 435 790 est
466 752 619 799 aggredi
649 751 917 796 perfectionem

142 803 402 849 Evangelicam
439 804 475 836 et
514 799 598 834 vita:
630 798 914 842 sublimitatem,

142 863 209 899 per
250 860 361 896 quam
403 846 539 884 Cbristi
576 856 703 881 sumus
730 845 916 889 discipuli.

145 901 211 942 Qui
237 908 326 943 ergo
353 893 490 931 Christi
524 893 728 938 discipulus
762 903 858 935 esse,
883 896 919 928 et

144 945 215 982 dici
245 943 446 985 desiderat,
468 942 592 975 sedens
614 940 715 985 prius
741 943 920 983 computet

144 996 323 1036 sumptus,
350 991 414 1034 qui
444 989 638 1023 necessarii
667 991 764 1026 sunt,
796 987 831 1022 id
865 989 922 1022 est

146 1039 359 1076 deliberans
393 1034 618 1076 consideret,
647 1036 678 1067 st
706 1035 836 1068 habeat
860 1044 919 1069 re-

147 1086 271 1132 quista
303 1085 353 1119 md
388 1082 664 1128 perficiendwm
698 1080 727 1115 si
755 1080 919 1125 discipu-

146 1135 271 1169 lorum
299 1132 412 1166 vitam
448 1132 589 1171 tenere,
613 1128 831 1173 patientiam
855 1129 920 1162 ha-

148 1183 248 1221 bere,
287 1179 455 1214 laborem
495 1175 694 1217 sustinere,
734 1178 769 1209 et
809 1174 920 1210 simul

147 1238 231 1264 cum
263 1226 316 1262 eis
350 1223 483 1260 turrim
512 1223 691 1257 virtutum
715 1221 918 1264 aedificare,

149 1279 279 1310 contra
301 1275 425 1308 liostes
447 1280 614 1316 pugnare
636 1273 672 1304 et
693 1273 818 1304 cetera
839 1279 922 1314 quae

149 1325 356 1367 sequuntur
373 1328 484 1364 agere
503 1317 636 1352 valeat.
657 1318 829 1361 Magnam
850 1321 924 1350 ete-

152 1369 226 1404 nim
264 1367 397 1403 turrim
434 1363 623 1400 {edificare
666 1363 819 1408 incipit,
861 1362 922 1408 qui

150 1416 262 1461 hujus
301 1412 431 1449 mundi
482 1412 664 1453 honores,
704 1409 853 1444 divitias
889 1412 925 1444 et

152 1462 354 1508 dignitates
393 1461 649 1499 contemnens,
683 1456 811 1491 omnia
855 1456 926 1491 ista

154 1508 342 1553 relinquit,
373 1510 409 1542 et
441 1504 705 1555 Apostolorum
742 1502 856 1538 vitam
884 1513 926 1537 ac

154 1557 425 1592 monachorum
476 1554 799 1586 conversationem
843 1560 926 1594 pro-

156 1604 289 1645 mittit3
310 1601 375 1636 sed
408 1599 476 1634 iste
503 1597 607 1644 prius
630 1600 845 1642 computare
867 1596 928 1631 de-

154 1653 217 1687 bet
235 1659 346 1695 quam
370 1650 511 1683 arctam
530 1648 564 1680 et
587 1643 814 1679 laboriosam
829 1642 927 1678 viam

156 1696 411 1743 aggredimur,
451 1697 487 1728 et
526 1701 637 1737 quam
677 1701 853 1735 magnum
892 1693 929 1725 et

156 1744 308 1781 difficile
339 1752 433 1788 opus
465 1749 578 1785 agere
617 1737 781 1783 incipiat.
818 1737 926 1780 Quia,

157 1792 362 1828 secundum
403 1788 628 1830 Groqorium,
673 1795 785 1820 omne
827 1784 928 1829 quod

156 1841 316 1884 agimus,
338 1833 544 1881 przevenire
566 1843 633 1878 per
653 1831 817 1866 studium
840 1842 928 1866 con-

159 1882 398 1922 siderationis
427 1882 618 1916 debemus.
649 1879 782 1914 Sedens
801 1877 927 1923 igitur,

161 1934 197 1969 id
230 1935 286 1967 est
320 1941 341 1966 a
375 1928 450 1963 vita
474 1926 587 1963 veteri
613 1930 649 1961 et
670 1937 691 1961 a
710 1925 928 1960 tumultibus

161 1978 288 2015 mundi
307 1981 343 2013 et
360 1975 577 2022 passionum
596 1972 782 2018 quietatus
803 1976 838 2006 et
854 1971 930 2016 ‹fui—

161 2036 303 2068 escens,
326 2025 503 2068 computet
524 2024 560 2056 et
575 2020 774 2065 diligenter
795 2019 930 2054 discer-

163 2077 227 2109 nat
273 2069 505 2117 erogandam
554 2078 636 2103 esse
680 2065 930 2101 substantiam

162 2119 421 2165 temporalem,
446 2119 483 2152 et
519 2125 582 2150 cor
611 2125 633 2149 a
665 2113 931 2159 cupiditatibus

162 2166 420 2208 avertendum,
445 2167 482 2199 et
516 2161 683 2197 animam
713 2165 845 2196 contra
878 2170 932 2195 se-

162 2215 233 2250 culi
271 2213 428 2249 adversa
468 2208 771 2256 praeparandam.
816 2207 932 2242 Debet

164 2261 276 2298 etiam
317 2258 481 2303 cogitare
520 2256 549 2292 si
587 2256 724 2291 habeat
761 2257 932 2299 sumptus

162 2307 374 2354 spirituales
395 2305 572 2340 virtutum
593 2306 629 2338 et
644 2303 830 2337 bonorum
848 2311 934 2346 ope-

164 2365 260 2398 rum,
282 2356 449 2397 sumptus
476 2350 575 2386 enim
608 2349 835 2394 temporales
866 2358 931 2393 po-

163 2402 237 2438 tius
255 2398 454 2445 spargendi
484 2400 586 2440 sunt,
614 2400 817 2440 antequam
849 2405 933 2430 con-

164 2446 367 2495 gregandi3
390 2445 576 2483 sthabeat,
603 2443 769 2487 inquam,
790 2442 837 2477 ad
850 2452 931 2494 per7

162 2496 355 2541 ficientium
393 2502 485 2538 opus
516 2490 716 2533 intentum,
748 2488 786 2524 id
814 2492 870 2524 est
902 2498 933 2523 si

164 2541 434 2582 humilitatem,
470 2536 710 2584 patientiam,
752 2535 933 2571 obedien-

166 2590 268 2631 tiam,
298 2592 333 2623 et
367 2583 684 2632 perseverantIam
718 2594 801 2628 quas
842 2593 932 2617 con-

164 2638 337 2677 summat,
362 2637 490 2668 tenere
519 2635 554 2666 et
584 2629 771 2665 custodire
797 2629 931 2672 valeat,

165 2684 244 2719 sine
285 2681 418 2727 quibus
453 2680 523 2713 hoc
567 2676 767 2713 aedificium
803 2676 932 2721 perfici

166 2741 240 2766 non
259 2731 392 2775 potest.
416 2727 589 2770 Sumptus
611 2724 759 2768 quidem
781 2727 869 2758 sunt
889 2733 933 2758 ea

167 2789 249 2823 quae
273 2777 386 2812 debes
410 2775 499 2816 Deo,
526 2770 606 2814 tibi,
630 2772 809 2816 proximo.
831 2769 930 2805 AEdi-

991 234 1108 270 ficans
1141 245 1230 280 ergo
1263 233 1528 279 spiritualiter,
1567 233 1768 270 considera

990 281 1020 316 si
1048 281 1187 325 sobrie,
1211 284 1247 317 et
1279 283 1337 327 pie
1359 284 1395 317 et
1414 283 1514 326 J'uste
1536 280 1697 324 vixeris3
1726 291 1769 316 ne

990 332 1226 373 posteaquam
1265 331 1427 372 posuerit
1460 329 1765 371 fundamentum,

991 375 1090 420 quod
1115 376 1285 411 consistit
1318 375 1354 410 in
1388 375 1631 411 observantia
1657 385 1769 411 man-

990 423 1180 466 datorum,
1209 427 1242 458 ec
1279 434 1349 458 non
1385 425 1546 468 potuerit
1584 423 1764 467 perficere,

990 480 1011 505 a
1043 470 1139 505 bono
1172 469 1363 515 proposito
1402 469 1643 512 declinando,
1662 472 1699 504 et
1729 468 1768 504 in

991 516 1151 552 aedificio
1166 517 1276 552 bonae
1292 517 1521 562 operationis
1537 515 1765 560 deficiendo,

991 563 1205 599 irrisionem
1243 564 1421 609 patiatur,
1445 565 1491 599 ab
1512 563 1673 599 inimicis
1694 562 1768 598 sci-

991 611 1076 646 licet
1099 611 1272 656 malignis
1286 610 1492 656 spiritibus,
1509 610 1644 646 nostris
1658 608 1768 646 bonis

991 657 1167 703 operibus
1212 669 1361 703 semper
1403 657 1692 700 insidiantibus3
1733 659 1771 692 et

991 715 1110 740 omnes
1134 707 1198 750 qui
1218 706 1379 740 viderint
1401 715 1486 740 eum
1520 704 1696 747 deficere,
1715 705 1770 738 in-

993 754 1132 797 cipiant
1168 754 1323 787 illudere
1359 754 1403 792 ei,
1433 755 1498 787 aut
1535 750 1706 786 homines
1733 750 1772 785 in

993 799 1082 842 vita,
1102 802 1165 834 aut
1186 799 1378 834 dremones
1399 799 1437 834 in
1461 802 1594 842 morte,
1618 801 1682 834 aut
1702 798 1772 833 Do-

993 845 1117 881 minus
1140 846 1350 891 injudicio,
1373 850 1409 881 et
1427 846 1540 881 etiam
1560 845 1686 881 Sancti
1705 843 1768 890 qui

993 904 1105 938 super
1142 903 1227 928 eum
1261 893 1448 936 ridebunt,
1471 894 1652 927 dicentes.-
1675 892 1770 935 Quia

993 941 1050 974 hic
1073 941 1174 974 homo
1197 944 1302 985 coepte
1335 941 1525 983 [altamira
1549 939 1620 975 iter
1642 938 1766 984 perfe-

994 986 1126 1021 ctionis
1145 987 1385 1029 assumendo,
1409 991 1439 1021 et
1461 998 1530 1021 non
1549 988 1667 1031 potuit
1688 996 1767 1020 con-

994 1044 1186 1071 summare.
1214 1034 1252 1069 in
1287 1033 1434 1079 incepto
1473 1032 1766 1078 perseverando.

995 1080 1067 1116 Sed
1098 1080 1188 1125 quid
1209 1080 1240 1115 ei
1264 1081 1422 1124 roepisse
1444 1081 1610 1125 prodest,
1637 1079 1666 1115 si
1691 1079 1765 1115 sal·

996 1138 1061 1162 vus
1084 1138 1159 1162 non
1182 1129 1281 1163 erit?
1302 1129 1380 1163 Non
1400 1127 1499 1162 enim
1515 1127 1577 1172 qui
1599 1126 1766 1172 coeperit,

996 1175 1076 1217 sed,
1098 1177 1137 1210 ut
1159 1174 1209 1209 ait
1236 1176 1446 1218 Apostolus,
1475 1176 1539 1219 qui
1560 1184 1769 1220 persevera-

996 1224 1100 1261 verit,
1123 1223 1180 1256 liic
1199 1220 1323 1256 salvus
1344 1224 1425 1256 erit.

1045 1272 1065 1303 8
1105 1269 1279 1310 Qumwn
1318 1280 1582 1304 iurssnmmTUM
1609 1279 1617 1303 ε
1641 1278 1775 1303 STULTA

997 1327 1232 1350 CONFIDENTIA
1270 1327 1306 1350 IN
1348 1328 1508 1351 PROPRiis
1541 1326 1695 1350 VIRIBUS.
1729 1334 1774 1341 -·

998 1363 1181 1405 Quartum
1219 1362 1528 1408 impedimentum
1568 1365 1624 1398 est
1656 1361 1773 1397 confi-

1000 1409 1128 1444 dentia
1163 1409 1285 1444 stultae
1323 1409 1549 1452 securitatis,
1574 1409 1663 1444 dum
1692 1408 1774 1453 quis

1000 1456 1155 1491 contidit
1182 1455 1218 1490 in
1241 1456 1444 1491 securitate
1465 1466 1617 1491 suarum
1639 1455 1775 1490 virium

1002 1503 1056 1537 vel
1081 1502 1314 1544 meritorum,
1337 1503 1472 1548 quibus
1495 1503 1678 1538 violenter
1699 1513 1776 1538 cre-

1001 1549 1054 1584 dit
1085 1549 1235 1584 coeleste
1271 1560 1426 1595 regnum
1457 1550 1640 1592 obtinere,
1662 1552 1699 1584 et
1731 1559 1775 1584 ex

1002 1595 1147 1631 meritis
1180 1596 1313 1631 salvari
1346 1597 1446 1641 juste
1465 1608 1472 1638 ;
1494 1597 1557 1631 sed
1589 1595 1678 1641 quia
1701 1606 1777 1631 non

1002 1646 1239 1688 potesncum
1279 1643 1401 1678 nullus
1440 1642 1583 1678 meritis
1615 1643 1693 1678 suis
1727 1642 1776 1678 ad

1002 1690 1159 1735 gloriam
1203 1690 1417 1735 pertingere
1457 1690 1587 1735 possit,
1616 1689 1687 1725 nisi
1722 1700 1778 1725 se-

1004 1736 1080 1772 veri
1097 1736 1240 1772 Judicis
1256 1736 1440 1772 sententia
1460 1740 1690 1782 temperetur
1710 1747 1778 1782 per

1005 1783 1315 1827 inisericordiam,
1339 1794 1491 1819 necesse
1521 1787 1576 1819 est
1607 1788 1646 1819 ut
1679 1794 1777 1829 prae-

1005 1831 1154 1865 mittens
1190 1831 1417 1875 legationem
1456 1831 1706 1876 lacrymarum
1745 1833 1783 1866 et

1004 1887 1160 1923 operum
1180 1877 1379 1921 bonorum,
1399 1882 1501 1921 roget
1519 1888 1562 1913 ea
1577 1888 1659 1923 quae
1676 1877 1778 1923 pacis

1004 1929 1090 1960 sunt
1110 1929 1146 1960 et
1169 1925 1215 1959 ad
1237 1935 1366 1969 pacem
1393 1925 1527 1960 animae
1553 1924 1745 1970 pertinent
1765 1935 1775 1967 ς

1005 1972 1043 2006 in
1063 1976 1263 2016 conspectu
1290 1971 1389 2007 enim
1416 1972 1495 2017 ejus
1520 1971 1644 2006 omnis
1664 1972 1778 2007 homo

1005 2019 1242 2064 imperfectus
1270 2022 1325 2054 est
1355 2022 1391 2054 et
1416 2019 1542 2053 nullus
1572 2019 1711 2063 justus.
1732 2019 1778 2053 Et

1005 2067 1075 2101 hoc
1109 2065 1273 2100 ostendit
1314 2076 1380 2111 per
1413 2065 1699 2100 similitudinem
1732 2064 1779 2100 de

1005 2123 1094 2158 rege
1124 2112 1272 2148 volente
1299 2115 1517 2147 committere
1552 2113 1683 2146 bellum
1713 2111 1778 2146 ad-

1005 2170 1129 2194 versus
1168 2161 1282 2194 alium
1315 2170 1447 2203 refyem,
1474 2159 1550 2205 qui,
1583 2168 1668 2194 cum
1701 2168 1778 2194 non

1004 2208 1120 2252 possit
1146 2217 1225 2241 cum
1252 2206 1370 2241 decem
1403 2207 1565 2241 millibus
1595 2215 1779 2241 occurrere

1007 2257 1039 2289 et
1067 2255 1131 2298 qui
1165 2255 1261 2288 venit
1287 2254 1335 2287 ad
1361 2264 1397 2288 se
1427 2265 1506 2288 cum
1538 2254 1673 2296 viqz'nti
1697 2253 1780 2287 mil-

1008 2301 1116 2340 libus,
1142 2299 1275 2345 quaerit
1305 2311 1449 2345 pacem.
1477 2302 1512 2336 Si
1547 2310 1611 2335 rex
1641 2310 1664 2335 a
1689 2309 1778 2345 rege

1007 2358 1137 2393 pacem
1160 2346 1306 2392 qurerit,
1329 2348 1443 2382 multo
1476 2346 1595 2392 magis
1622 2356 1690 2382 nos
1718 2345 1776 2382 in-

1007 2395 1136 2430 firmos
1158 2404 1242 2428 cuin
1267 2395 1341 2429 Deo
1368 2405 1498 2439 pacem
1525 2394 1665 2429 habere
1685 2403 1778 2428 con-

1006 2441 1121 2487 gruit.
1144 2440 1208 2476 Hic
1234 2440 1373 2486 quippe
1394 2440 1577 2486 accipitur
1596 2451 1676 2482 γεω,
1699 2439 1778 2485 qui-

1007 2498 1165 2533 cumque
1208 2488 1284 2522 vult
1325 2488 1477 2533 aggredi
1518 2490 1657 2523 statum
1691 2496 1778 2532 per-

1008 2533 1192 2578 fectionis,
1234 2534 1320 2579 quia
1347 2534 1469 2570 'debet
1506 2535 1603 2570 bene
1646 2543 1778 2579 regere

1007 2581 1248 2627 operationes
1269 2584 1306 2616 et
1323 2581 1569 2627 cogitationes
1591 2591 1677 2616 suas
1697 2589 1777 2615 om-

1009 2639 1151 2674 nesque
1196 2638 1326 2663 sensus
1372 2639 1458 2664 suos
1503 2627 1700 2663 interiores
1743 2627 1780 2662 et

1008 2675 1230 2717 exteriores3
1257 2678 1293 2710 et
1315 2675 1426 2710 habet
1447 2674 1682 2710 committere
1698 2673 1778 2710 bel-

1007 2723 1087 2757 lum
1121 2722 1166 2757 ad
1195 2722 1415 2767 rapiendum
1445 2721 1515 2757 sibi
1542 2721 1692 2756 coeleste
1716 2729 1780 2756 re-

1006 2780 1134 2816 gnum,
1156 2769 1243 2815 quia
1266 2779 1415 2813 regnum
1435 2770 1600 2804 coelorwn
1620 2769 1694 2803 vim
1707 2777 1777 2813 pa-
