1894 3186
494 175 546 208 DE
567 173 854 207 ,DAEMONIAGO
892 174 1006 207 CAECO
1042 174 1093 208 ET

69 245 272 293 cupiditas,
289 244 328 281 in
346 244 473 289 rebus,
491 242 578 288 quia
604 253 611 278 :
628 243 737 278 Omne
755 243 851 288 quod

70 297 123 329 est
159 296 198 329 in
236 293 384 336 mundo,
404 292 693 335 concupiscentia
729 292 851 326 carnis

70 345 136 384 est,
162 344 226 377 aut
251 340 542 386 eoncupiscentia
564 339 760 381 oculorum,
787 340 851 373 aut

68 390 240 434 superbia
257 391 351 424 vitae.
374 388 449 422 Hoc
470 388 595 421 autem
615 385 746 431 triplex
767 386 851 421 ὼε-

68 436 237 472 monium
261 435 348 471 facit
367 437 527 469 mutum.
552 435 659 476 Nam,
682 444 764 468 cum
796 433 849 468 lo-

69 483 180 529 quela
201 483 288 519 data
311 481 358 518 sit
376 480 523 517 homini
545 480 593 516 ad
620 480 849 515 laudandum

68 531 201 574 Deum,
239 533 276 566 et
310 528 453 575 gratias
487 527 691 574 agendum,
719 528 766 563 ad
792 528 848 562 lo-

68 578 262 623 quendum
292 576 504 619 veritatem,
527 578 563 611 et
583 574 849 610 {edificandum

67 624 294 671 proximum,
318 625 365 660 ad
385 623 641 660 confitendum
653 626 849 668 peccatum

68 675 104 708 et
123 671 273 708 veniam
294 672 341 708 de
362 682 405 707 eo
428 670 633 717 petendum
654 682 664 704 :
690 669 849 714 primam

66 719 257 765 loquelam
278 719 400 755 autert
421 717 613 764 superbia,
642 727 724 762 quae
748 716 848 762 quod

67 767 133 802 Dei
155 770 225 810 est,
242 766 385 802 scilicet
404 766 568 805 laudem,
585 767 741 810 usurpat
753 763 846 807 sihi3

67 815 271 850 secundam
310 814 433 850 aufert
464 811 635 855 avaritia,
661 822 744 857 quae
778 811 846 847 soli

67 861 137 897 sibi
167 861 342 905 intendit,
365 871 441 896 non
478 859 672 906 proximo;
696 858 847 894 tertiam

67 909 190 945 aufert
210 909 370 953 luxuria,
393 911 429 944 et
449 906 608 942 maxime
629 909 759 941 contra
777 917 846 942 na-

64 958 203 992 turam.
241 956 345 992 Unde
373 955 538 992 Sodoma
574 954 847 999 interpretatur

67 1005 271 1048 silentium,
300 1003 378 1039 sive
398 1006 513 1038 muta.
538 1003 629 1037 Item
663 1000 751 1036 facit
775 1012 846 1036 cte-

66 1061 165 1094 cum,
190 1054 229 1086 ut
249 1051 295 1086 ad
321 1051 480 1086 salutem
498 1059 604 1084 suam
620 1048 848 1094 pertinentia

66 1101 103 1134 et
139 1098 209 1134 sibi
241 1098 411 1144 proficua
434 1107 509 1132 non
536 1095 674 1140 videat,
697 1099 733 1130 et
764 1105 847 1130 eam

64 1145 201 1189 lucem,
224 1156 306 1191 quae
327 1145 379 1181 ait
398 1156 406 1180 :
423 1147 499 1187 Eyo
515 1154 595 1178 sum
616 1144 681 1177 lum
702 1143 845 1182 mundi,

64 1203 141 1228 non
162 1197 361 1238 sequatur3
386 1192 452 1227 sed
470 1191 509 1225 in
528 1189 695 1225 tenebris
715 1189 845 1224 ambu-

63 1240 127 1275 let.
148 1240 214 1275 Hic
234 1238 485 1275 daemoniacus
507 1247 640 1279 caecus,
662 1239 699 1271 et
723 1241 847 1271 mutus

64 1286 96 1323 si
118 1286 279 1322 Domino
310 1287 506 1329 offeratur,
542 1284 572 1320 si
599 1284 647 1318 ad
667 1282 847 1329 poeniten-

64 1334 157 1370 tiam
179 1337 432 1377 convertatur,
456 1342 540 1367 mox
571 1332 680 1367 Jesus
701 1329 848 1366 curabit

64 1392 174 1426 eum;
198 1381 251 1417 ita
276 1384 329 1425 ut,
354 1381 472 1427 ejecto
498 1377 701 1421 daemonio,
722 1377 847 1413 videat

66 1432 103 1465 et
123 1429 314 1475 loquatur.
347 1427 523 1464 Abundat
553 1424 737 1462 daemonis
765 1435 846 1460 ma«-

64 1476 165 1520 litia;
183 1475 467 1522 superabundat
481 1473 607 1509 divina
628 1471 841 1507 clementia.

66 1525 106 1559 In
130 1523 200 1559 isto
223 1522 471 1561 daemoniaco.
499 1519 644 1556 malitia
664 1519 847 1554 daemonis

66 1571 226 1607 multum
249 1569 471 1611 abundavit,
489 1567 574 1613 quia
594 1576 677 1602 cum
692 1567 848 1602 tenebat

65 1619 278 1661 obsessum,
300 1617 424 1663 ipsum
454 1616 596 1651 fecerat
637 1623 777 1648 caecum
812 1616 849 1650 et

67 1669 226 1709 mutum,
243 1675 300 1708 ac,
315 1663 522 1700 secundum
540 1663 844 1713 Chrysostomum,

65 1712 179 1749 etiam
199 1712 378 1755 surdum3
403 1710 468 1746 sed
491 1708 556 1746 Dei
586 1707 847 1744 misericordia

66 1759 105 1796 in
133 1760 213 1806 ipso
254 1759 474 1801 abundavit,
496 1756 585 1802 quia
617 1754 847 1807 daemonium

66 1808 114 1843 ab
130 1809 284 1844 obsesso
300 1805 421 1853 ejecit,
439 1804 627 1850 loquelam
648 1802 717 1838 sibi
734 1803 846 1838 resti-

64 1853 149 1899 tuit,
183 1854 311 1890 lumen
349 1851 554 1900 reparavit,
595 1853 632 1886 et
677 1849 847 1886 auditum

66 1901 266 1939 reseravit.

114 1953 135 1985 5
156 1949 328 1992 Qunuon
346 1958 533 1983 BENEFICIA
551 1957 677 1981 nomm
691 1955 848 1981 Jusrm-

67 2008 154 2032 CATO
171 2007 341 2031 COLLATA.
353 2014 395 2020 -—
411 1995 482 2030 Per
495 1995 593 2029 hune
604 1992 718 2038 igitur
732 1992 850 2028 homi-

69 2054 153 2079 nem
167 2043 219 2079 sic
229 2045 416 2085 curatum,
431 2041 640 2086 intelligere
651 2050 849 2086 possumus

67 2094 305 2138 peccatorem
342 2088 616 2136 justificatum3
655 2087 712 2123 cui
750 2090 850 2124 Deus

67 2137 314 2184 spiritualiter
328 2140 489 2183 quatuor
508 2135 696 2171 beneficia
716 2145 847 2182 supra-

69 2185 170 2221 dicta
211 2183 397 2221 concedit.
439 2182 606 2218 Primum
645 2186 712 2226 est,
749 2181 849 2228 quod

69 2233 263 2269 diabolum
292 2233 339 2268 ab
369 2230 450 2276 ipso
478 2230 639 2276 expellit.
672 2232 852 2267 Peccator

69 2279 169 2316 enim
189 2279 381 2315 diabolum
396 2277 436 2313 in
452 2278 607 2314 domum
621 2277 757 2313 animae
773 2287 851 2313 suae

70 2326 241 2371 inducit3
271 2326 337 2362 sed
363 2324 532 2361 Christus
566 2335 651 2360 eum
687 2324 849 2371 expellit,

71 2377 112 2409 ut
131 2384 216 2409 eam
235 2372 434 2409 inhahitet.
458 2374 599 2408 Domus
620 2376 748 2408 autem
775 2370 853 2407 ani-

72 2431 143 2456 mae
162 2419 236 2456 tria
268 2420 381 2455 habet
415 2419 554 2455 solaria
577 2431 584 2454 :
605 2431 720 2456 unum
742 2429 851 2464 supe-

72 2467 167 2511 rius,
188 2467 329 2503 scilicet
347 2466 538 2512 spiritum3
556 2466 658 2502 aliud
678 2466 851 2510 inferius,

74 2514 217 2550 scilicet
255 2525 415 2559 corpus;
452 2513 608 2549 tertium
655 2513 821 2549 medium
842 2542 849 2553 ‚

76 2561 219 2597 scilicet
251 2561 431 2597 animam.
466 2562 563 2596 Deus
599 2560 637 2596 in
667 2558 851 2607 superiori

76 2609 214 2644 solario
238 2637 247 2653 ,
292 2607 434 2643 scilicet
473 2607 635 2654 spiritu,
677 2608 850 2649 habitat,

77 2656 227 2701 quando
260 2655 338 2701 ipse
361 2654 514 2701 spiritus
547 2653 853 2701 contemplationi

77 2705 210 2747 vacat3
245 2703 390 2738 habitat
424 2702 463 2737 in
484 2702 620 2738 solario
655 2702 792 2744 medio,
816 2700 853 2736 id

78 2752 135 2784 est
164 2749 204 2784 in
237 2749 377 2793 anima,
401 2750 551 2794 quando
588 2749 671 2795 ipsa
693 2747 854 2784 intendit

79 2795 237 2832 internae
268 2796 532 2841 meditationi3
566 2797 713 2833 habitat
740 2796 778 2831 in
798 2806 854 2831 so-

162 2859 256 2893 VrrA
277 2859 365 2893 JESU
385 2860 543 2900 Gunls‘rl,
566 2869 678 2894 ‘somus
700 2860 747 2892 II.

1130 175 1262 210 MUTO.
1644 181 1706 214 209

929 243 1023 282 lario
1061 242 1246 297 interiori,
1288 245 1326 282 id
1361 249 1417 284 est
1452 248 1492 285 in
1529 259 1702 297 corpore,

928 291 1077 337 quando
1104 302 1227 337 ipsum
1254 303 1390 339 corpus
1416 296 1641 333 exercitatur
1665 301 1704 335 et

926 337 1089 374 intendit
1109 340 1403 378 mortificationi.
1430 363 1472 370 —
1490 345 1702 382 Secundum

924 386 1150 422 beneficium
1177 390 1246 433 est,
1275 388 1364 433 quia
1388 391 1485 426 Deus
1516 392 1703 438 peccatori

924 433 1093 479 linguam
1120 434 1251 480 aperit.
1294 437 1391 472 Deus
1421 438 1524 474 dedit
1559 439 1701 476 homini

925 480 1092 527 linguam
1124 483 1171 517 ad
1200 482 1285 527 tria,
1307 483 1476 522 scilicet:
1512 489 1553 522 ut
1584 489 1703 524 Deum

925 528 1064 573 laudet,
1088 532 1127 565 ut
1157 530 1371 576 proximum
1398 532 1572 577 aedificct,
1608 538 1646 570 ut
1665 534 1704 570 in

926 576 1164 613 confessione
1188 588 1315 613 coram
1342 580 1418 614 Deo
1441 590 1480 615 se
1500 582 1704 626 reprehen-

925 624 990 659 dat
1007 627 1043 660 et
1063 628 1225 660 accuset.
1249 626 1430 662 Peccator
1441 630 1582 671 autem,
1611 628 1704 674 quia

925 671 1054 723 lingua
1083 682 1150 708 sua
1182 672 1231 708 ad
1262 673 1334 709 ista
1365 673 1438 709 tria
1476 685 1552 710 non
1571 675 1702 721 utitur,

924 719 1009 754 ideo
1036 722 1138 755 recte
1169 723 1293 756 mutus
1315 720 1464 757 dicitur.
1494 723 1585 758 Cum
1612 733 1703 768 ergo

924 767 1043 801 Deum
1083 766 1214 813 incipit
1259 767 1415 804 laudare
1438 797 1446 813 ,
1489 768 1704 815 proximum

924 813 1127 857 aedificare,
1151 818 1186 850 et
1204 825 1242 850 se
1264 826 1456 860 accusare,
1479 820 1567 852 tunc
1582 816 1703 862 loqui-

922 863 996 903 tur,
1014 864 1051 896 et
1070 861 1199 906 lingua
1215 862 1263 897 ad
1284 862 1411 899 debita
1431 863 1555 899 officia
1572 863 1700 900 utitur.

923 928 967 934 —
994 908 1161 944 Tertium
1192 909 1421 946 beneficium
1457 914 1526 952 est,
1551 911 1701 956 quando

923 956 1021 991 Deus
1047 956 1236 1001 peccatori
1274 957 1403 993 lumen
1435 957 1612 993 restituit.
1646 959 1703 994 Si-

922 1013 1039 1048 gnum
1066 1006 1191 1038 autem
1218 1005 1317 1049 quod
1337 1004 1416 1050 ipse
1444 1005 1497 1040 sic
1517 1004 1704 1042 illumina-

922 1053 996 1093 tur,
1013 1052 1082 1094 est,
1104 1052 1253 1096 quando
1271 1051 1373 1087 videt
1387 1055 1476 1088 ante
1494 1055 1530 1088 et
1547 1055 1662 1096 retro,
1682 1063 1705 1088 a

924 1097 1065 1132 dextris
1083 1102 1118 1132 et
1134 1108 1155 1133 a
1171 1097 1344 1133 sinistris.
1363 1099 1429 1134 Ille
1444 1100 1558 1135 habet
1573 1100 1703 1135 oculos

924 1147 1041 1187 retro,
1065 1143 1128 1189 qui
1152 1144 1366 1180 considerat
1388 1149 1425 1181 et
1446 1145 1586 1191 cogitat
1614 1157 1700 1192 pec-

925 1194 1008 1226 cata
1037 1201 1119 1236 quse
1155 1191 1254 1235 fecit,
1279 1202 1393 1236 quam
1425 1192 1564 1238 turpia,
1588 1203 1703 1238 quam

924 1238 1056 1281 multa,
1080 1248 1194 1283 quam
1231 1238 1374 1285 gravia,
1406 1244 1442 1275 et
1467 1239 1556 1275 inde
1589 1240 1704 1276 habet

924 1285 1119 1329 dolorem3
1143 1285 1204 1321 ille
1239 1287 1354 1321 habet
1385 1287 1514 1322 oculos
1534 1290 1622 1322 ante
1647 1298 1702 1331 se,

924 1331 987 1377 qui
1023 1332 1124 1368 videt
1146 1336 1182 1368 et
1216 1333 1355 1378 cogitat
1390 1334 1435 1369 de
1464 1333 1607 1380 Judicio
1635 1334 1703 1370 Dei

923 1380 1064 1424 futuro,
1094 1382 1131 1415 et
1159 1379 1246 1416 inde
1279 1381 1393 1416 habet
1418 1381 1618 1425 timorem;
1640 1381 1704 1418 ille

923 1427 1038 1462 habet
1059 1427 1187 1462 oculos
1220 1438 1243 1463 a
1279 1428 1419 1463 dextris
1453 1429 1516 1474 qui
1545 1428 1647 1464 videt
1667 1432 1705 1464 et

925 1473 1065 1519 cogitat
1098 1474 1231 1509 mundi
1255 1485 1449 1521 prospera,
1483 1487 1594 1521 quam
1629 1475 1704 1511 sint

924 1521 1065 1556 caduca
1084 1524 1120 1555 et
1140 1532 1235 1557 vana
1258 1525 1294 1557 et
1315 1523 1361 1557 ad
1384 1533 1426 1558 ea
1442 1533 1517 1558 non
1536 1521 1702 1558 allicitur

923 1578 991 1614 per
1013 1578 1196 1609 amorem,
1225 1569 1290 1604 sed
1322 1569 1443 1605 resilit
1474 1580 1542 1615 per
1570 1580 1700 1616 asper-

923 1615 1142 1659 nationem;
1168 1616 1229 1651 ille
1266 1617 1382 1652 habet
1415 1617 1541 1652 oculos
1575 1628 1596 1652 a
1614 1617 1702 1652 sini-

924 1662 1025 1707 stris,
1040 1662 1102 1708 qui
1125 1662 1227 1698 videt
1248 1663 1376 1699 mundi
1398 1664 1571 1709 adversa,
1588 1675 1701 1710 quarn

924 1709 999 1745 sint
1026 1709 1156 1745 brevia
1180 1714 1216 1745 et
1247 1710 1349 1755 vilia,
1391 1716 1426 1746 et
1461 1711 1560 1755 ideo,
1587 1711 1627 1747 in
1647 1711 1702 1747 eis

924 1768 1002 1792 non
1033 1757 1219 1802 frangitur
1252 1768 1320 1803 per
1348 1757 1636 1804 impatientiam.
1657 1779 1703 1785 —

923 1805 1104 1847 Quartum
1140 1805 1367 1840 beneficium
1421 1810 1507 1850 est,
1549 1806 1701 1852 quando

924 1853 1021 1887 Deus
1038 1851 1226 1897 peccatori
1242 1852 1411 1888 auditum
1433 1852 1610 1889 restituit.
1634 1855 1699 1889 Est

923 1899 1025 1934 enim
1045 1902 1221 1944 peccator
1253 1900 1400 1944 surdus,
1426 1900 1516 1946 quia
1535 1911 1613 1936 non
1639 1911 1704 1936 au-

923 1946 978 1982 djt
1011 1947 1129 1981 Deum
1163 1947 1446 1993 admonentem,
1480 1958 1549 1983 nec
1583 1949 1702 1984 Deum

923 1993 1237 2037 benefacientem,
1258 2004 1327 2030 nec
1360 1996 1478 2030 Deum
1509 1994 1700 2041 inspiran—

923 2044 1012 2083 tem,
1032 2051 1102 2076 nec
1131 2041 1249 2076 Deum
1279 2041 1591 2086 comminantenn
1613 2046 1704 2078 tunc

924 2092 1050 2123 autem
1071 2088 1203 2123 surdus
1223 2088 1391 2124 auditum
1414 2088 1560 2134 recipit,
1586 2100 1702 2135 quan-

925 2135 972 2171 do
994 2136 1112 2170 Deum
1131 2134 1170 2170 in
1191 2135 1405 2181 hujusmodi
1428 2136 1545 2171 audit.

972 2186 993 2226 4
1014 2183 1219 2218 INSINUATIO
1230 2194 1411 2219 INVIDIOSA
1423 2184 1702 2222 PHARISAEORUM.

925 2249 969 2255 —
995 2232 1043 2264 Ec
1062 2230 1256 2275 stupebant
1274 2241 1393 2265 omnes
1420 2231 1533 2266 turbae
1561 2229 1705 2266 scilicet

927 2275 1118 2322 simplices
1144 2276 1311 2312 divinam
1338 2278 1514 2313 virtutem
1538 2277 1577 2313 in
1598 2276 1705 2313 Chri-

927 2326 982 2359 sto
995 2323 1228 2359 admirantes
1242 2335 1250 2368 ;
1265 2328 1299 2360 et
1312 2324 1499 2360 dicebant:
1512 2324 1703 2370 Numquid

927 2372 985 2406 hic
1005 2374 1056 2406 est
1075 2372 1175 2415 silius
1199 2372 1321 2406 David
1337 2374 1355 2407 ?
1377 2371 1490 2415 Quasi
1505 2371 1701 2408 dicerent:

927 2417 1001 2462 Sic,
1024 2417 1113 2463 quia
1131 2417 1192 2453 hic
1213 2421 1269 2454 est
1296 2418 1465 2455 Christus
1486 2420 1596 2455 nobis
1616 2429 1703 2464 pro-

927 2464 1064 2500 missus
1091 2465 1137 2500 de
1162 2465 1304 2501 semine
1332 2467 1463 2502 David.
1497 2467 1703 2511 Moraliter‚

927 2511 1075 2558 ejicitur
1095 2512 1339 2558 daemonium,
1374 2514 1413 2548 in
1448 2513 1703 2557 contritione;

927 2558 1093 2605 loquitur
1126 2559 1189 2605 qui
1225 2561 1329 2606 prius
1369 2564 1450 2596 erat
1488 2564 1628 2606 mutus,
1666 2559 1707 2595 in

927 2606 1188 2651 confessione;
1217 2607 1454 2643 admirantur
1490 2609 1625 2651 turbae,
1665 2605 1705 2641 in

929 2653 1194 2695 satisfactione,
1236 2654 1377 2691 scilicet
1404 2655 1553 2701 quando
1580 2654 1708 2689 vident

929 2702 1025 2737 bene
1045 2701 1193 2747 operari
1231 2712 1295 2737 eos
1334 2702 1396 2748 qui
1434 2713 1509 2737 non
1536 2701 1709 2736 solebant

930 2747 1000 2783 nisi
1024 2749 1123 2784 mala
1145 2750 1281 2785 facere.
1320 2751 1497 2784 Pharisaei
1517 2752 1636 2783 autem
1670 2750 1707 2783 et

930 2795 1082 2842 Scribae,
1100 2795 1243 2834 scilicet
1257 2795 1411 2833 litterati
1426 2800 1462 2832 et
1475 2795 1639 2842 majores
1652 2793 1707 2830 in-

1589 2862 1627 2891 14
