1894 3186
137 204 198 237 310
579 199 724 234 PRIMAE
760 198 914 233 PARTIS
951 196 1085 230 CAPUT
1122 194 1321 229 LXXXVII

141 272 335 317 elargiti03
366 272 502 317 quarta
525 272 583 306 est
611 269 817 316 corporalis
849 269 916 304 ssa-

143 320 307 367 gellatio.
327 319 399 355 Sed
417 318 507 354 heu!
526 318 630 354 multi
643 316 814 359 sunt,qui
827 316 917 352 istas

141 378 252 404 voces
283 377 361 402 non
399 365 580 410 audiunt;
615 364 700 401 ideo
736 363 918 400 Dominus

143 413 399 460 conqueritur,
434 412 565 448 dicens
603 423 611 448 :
647 413 741 456 Quia
775 411 916 453 vocavi,

139 462 281 499 scilicet
330 471 399 507 per
443 459 667 497 exteriorem
712 457 917 494 exhortati-

139 519 272 551 onem,
302 511 335 544 et
368 509 568 550 renuistis‚·
597 507 745 541 enitendi
770 515 917 540 manum

135 567 265 598 meam,
287 554 405 592 multa
430 554 529 591 bona
560 553 746 596 faciendo,
781 556 814 588 et
847 562 917 587 non

135 605 211 649 fuit
243 605 307 649 qui
333 603 536 648 aspicerem
568 601 790 645 despexistis
817 609 918 634 omne

136 652 329 688 consilium
345 659 564 694 meum‚quo
585 647 691 684 vobis
712 647 812 683 bona
834 656 919 691 pro-

135 698 260 746 posita
292 696 542 742 inspirabam,
578 698 612 730 et
650 694 916 738 increpationes

134 756 233 783 meas
253 745 482 789 neqleoeistis,
506 753 574 788 per
597 752 688 787 quas
713 740 916 787 aliquando

137 804 204 835 vos
236 792 442 838 arguebam
473 793 510 826 et
537 788 802 834 flagellabam
831 787 916 823 ideo

138 839 313 878 subditur
347 848 485 884 magna
515 834 758 872 comminatio
796 845 805 872 t
840 836 916 879 Eyo

139 897 281 933 quoque
306 887 346 922 in
380 886 533 920 interitu
569 886 688 918 vestro
722 882 847 918 ridebo
883 885 917 918 et

135 933 381 970 subsannabo.
405 952 450 958 -
476 931 643 967 Tertium
671 928 821 975 signum
844 932 914 973 est,

139 981 241 1027 quod
257 978 371 1025 aliqui
390 978 464 1015 sint
484 988 572 1014 oves
593 976 746 1021 Christi,
766 976 916 1023 quando

143 1027 312 1065 Christus
331 1026 393 1072 qui
411 1027 468 1062 est
487 1027 616 1071 pastor
631 1035 695 1060 eas
711 1023 916 1069 cognoscin

139 1075 238 1112 unde
262 1073 434 1119 sequitur
455 1083 464 1108 t
488 1075 537 1109 Et
561 1083 624 1116 390
650 1082 820 1116 coqnosco
842 1082 916 1107 eas,

140 1122 341 1168 Cognoscit
363 1123 504 1164 autem,
526 1122 567 1156 ut
587 1118 700 1155 etiam
727 1129 840 1165 supra
861 1119 919 1155 di-

140 1174 242 1207 ctum
269 1172 338 1211 est,
360 1167 494 1205 fideles
521 1177 608 1203 suos
628 1177 696 1213 per
716 1166 919 1210 imaginem

140 1218 177 1254 et
193 1215 479 1253 similitudinem
500 1224 622 1258 suam,
644 1223 756 1259 quam
779 1214 832 1249 eis
848 1213 918 1249 im-

142 1263 304 1311 pressit;
329 1273 397 1309 per
421 1272 527 1298 arma
552 1261 755 1304 virtutum,
785 1260 919 1306 quibus

140 1322 205 1349 eos
226 1309 391 1353 ornavit3
410 1320 478 1356 por
498 1308 607 1353 signa
623 1309 807 1344 bonorum
829 1318 918 1353 ope-

140 1369 239 1402 rum,
262 1357 396 1403 quibus
417 1366 481 1392 eos
501 1355 714 1399 decoravit;
740 1365 807 1400 per
828 1354 920 1391 cari-

141 1408 258 1442 tatem
279 1405 326 1440 ad
346 1403 523 1447 invicem,
549 1413 623 1448 qua
643 1413 708 1438 eos
728 1401 917 1438 instruxit·

140 1472 185 1479 --
215 1453 395 1495 Quartum
431 1450 580 1496 signum
610 1452 684 1493 cst,
717 1449 815 1494 quod
846 1450 920 1484 sint

142 1510 230 1536 oves
263 1498 422 1541 Christi,
449 1497 598 1543 quaudo
633 1496 756 1542 ipsum
790 1506 920 1532 verum

142 1550 333 1593 pastorem
352 1548 583 1591 sequuntur;
604 1544 700 1580 unde
723 1543 918 1579 subditur:

143 1597 190 1631 Et
209 1597 411 1639 sequuntur
432 1603 499 1636 mc,
524 1590 613 1626 mali
637 1594 761 1627 autem
787 1590 922 1626 nolunt

145 1640 249 1687 sequi
271 1639 474 1684 Christum,
497 1639 562 1675 sed
586 1639 632 1675 ab
657 1648 700 1674 eo
721 1637 869 1683 fugiunt
886 1640 922 1673 ct

143 1700 225 1726 sese
257 1690 453 1730 avertunt;
480 1685 566 1723 boni
592 1696 679 1722 vero
713 1688 922 1730 sequuntur

146 1737 267 1783 ipsum
282 1745 350 1780 per
363 1733 612 1772 imitationem
628 1733 814 1769 bonorum
830 1742 922 1778 ope-

144 1794 240 1820 rum.
260 1782 447 1820 Christum
461 1781 575 1817 etiam
590 1780 741 1825 quidam
758 1790 921 1826 sequun-

146 1834 206 1871 tur
218 1831 317 1873 fiete,
335 1829 429 1866 sieut
442 1829 581 1866 faciunt
596 1827 819 1873 hypocritam
844 1825 921 1872 qui-

144 1878 230 1915 dam
252 1877 365 1920 lente,
389 1875 484 1912 sicut
504 1874 641 1911 faciunt
664 1874 777 1920 tepidi
800 1877 836 1910 et
854 1884 921 1910 ne-

144 1925 353 1971 gligentes3
376 1922 529 1968 quidam
551 1920 724 1966 sollis-ite,
748 1921 843 1958 sicut
865 1920 921 1957 sa-

144 1972 247 2008 ciunt
268 1981 395 2007 amore
420 1969 485 2006 Dei
506 1970 709 2005 ferventes.

190 2022 210 2055 5
239 2020 444 2054 RESPONSIO
468 2028 590 2053 DULCIS
615 2017 761 2052 Cumsn
786 2028 832 2052 AD
858 2017 921 2052 Ju-

146 2077 244 2102 nfflos
266 2077 336 2101 anu
356 2076 531 2101 LAPIDARE
548 2075 745 2100 vom-:uras
771 2083 815 2088 —
837 2065 923 2099 Haec

145 2117 272 2150 autem
298 2112 478 2159 praedicta
498 2111 644 2147 Domini
663 2111 922 2156 verl›a.qua11-

145 2160 193 2196 do
209 2159 298 2196 dixit
316 2171 324 2196 :
345 2162 420 2203 qu
432 2163 465 2194 et
486 2161 591 2194 Pater
610 2170 720 2194 unum
737 2169 921 2202 sunzzts,...

145 2208 276 2252 Judaei,
293 2209 420 2243 cetera
444 2206 622 2249 serentes,
635 2206 715 2252 jam
735 2216 809 2241 non
828 2205 924 2241 tule-

146 2257 252 2298 runt;
280 2254 346 2289 sed
372 2255 599 2289 sustulerunt
618 2253 774 2299 lapides,
798 2255 835 2287 et
855 2253 925 2288 hoc

149 2300 351 2337 durissima
360 2300 566 2337 intentione
575 2301 757 2343 fecerunt,
769 2298 923 2344 scilicet,

147 2352 188 2384 ut
206 2349 416 2394 lapidarent
429 2359 522 2391 eum,
535 2347 631 2384 sicut
644 2347 922 2394 blasphemum,

148 2395 239 2432 moti
260 2394 377 2431 livore
395 2394 559 2439 invidiae,
574 2406 650 2431 non
667 2405 796 2431 amore
812 2393 923 2441 justi-

148 2442 225 2487 tiae,
245 2441 335 2488 quia
360 2441 502 2486 absque
525 2441 630 2488 Legis
650 2442 783 2477 ordine
805 2453 813 2476 z
834 2440 924 2487 quia

149 2489 250 2526 enim
272 2488 357 2524 duri
376 2491 498 2532 erant,
512 2491 550 2524 et
568 2488 754 2534 profunda
774 2487 922 2524 Domini

148 2537 264 2573 verba
278 2535 489 2580 intelligere
500 2546 576 2570 non
590 2538 777 2580 poterant,
790 2534 922 2581 lapidi-

149 2584 222 2621 bus
239 2582 381 2619 similes
399 2582 446 2618 ad
466 2581 610 2628 lapides
627 2583 842 2618 currebant.
860 2585 925 2618 Re-

148 2631 298 2677 spondit
317 2631 369 2666 eis
390 2632 507 2671 Jesus,
531 2628 690 2664 dulciter
715 2640 780 2665 eos
803 2628 924 2675 repri*

148 2678 286 2714 mendo
315 2688 323 2713 t
355 2678 475 2714 Multa
512 2676 604 2711 bona
637 2686 748 2721 opera
783 2677 925 2711 ostendi

148 2726 263 2767 vobis,
279 2725 327 2761 ad
343 2727 507 2761 vestram
522 2722 738 2767 utilitatem,
755 2734 800 2758 θα)
817 2725 925 2759 Patre

149 2783 239 2813 meo,
254 2773 325 2809 hoc
343 2774 401 2808 est
417 2771 556 2808 virtute
577 2769 700 2807 Patris
721 2769 793 2806 mei
812 2770 923 2815 facta,

151 2819 290 2855 scilicet
318 2818 515 2856 veritatem
544 2817 727 2861 docendo,
752 2816 924 2854 infirmos

995 267 1178 312 curando,
1206 270 1243 304 et
1269 266 1343 304 alia
1360 265 1541 303 miracula
1565 264 1759 301 faciendo:

987 319 1141 362 propter
1158 315 1255 361 quod
1271 315 1356 351 ideo
1372 325 1491 350 eorum
1512 324 1614 359 opus,
1634 322 1688 347 me
1708 314 1761 347 iu-

986 364 1147 409 pidatis‚
1167 373 1252 399 cum
1271 366 1399 399 tamen
1415 362 1461 398 ob
1482 362 1553 397 hoc
1574 371 1633 396 me
1651 360 1764 395 honor

990 421 1075 446 rare
1097 410 1308 447 deberetis?
1331 409 1399 446 Ubi
1429 408 1637 451 sciendum,
1661 406 1763 453 quod

991 460 1078 493 sunt
1096 457 1158 503 qui
1184 458 1347 494 reddunt
1367 457 1465 493 mala
1485 466 1552 502 pro
1574 454 1703 497 malis3
1727 456 1763 490 et

989 504 1090 541 istud
1111 509 1167 541 est
1187 504 1430 551 prohibitum,
1453 503 1543 549 quia
1562 504 1659 538 Deus
1678 500 1762 538 vin-

990 552 1129 588 dictam
1164 552 1234 591 sibi
1271 551 1488 594 reservavit,
1511 550 1563 587 uti
1596 548 1732 585 dicitur
1753 559 1761 584 ε

990 601 1085 636 Mihi
1109 601 1289 641 vindicta,
1312 603 1345 636 et
1370 610 1431 643 eqo
1452 598 1666 634 retribuam.
1693 594 1765 632 Alii

991 650 1076 683 sunt
1095 647 1156 693 qui
1182 648 1345 684 reddunt.
1364 648 1466 683 bona
1488 656 1556 691 pro
1574 643 1708 688 bonis;
1730 645 1767 679 et

990 694 1091 730 istud
1112 698 1166 730 est
1185 694 1373 740 quoddam
1391 692 1563 730 naturale
1583 690 1764 735 debitum,

990 744 1027 778 et
1038 752 1112 777 non
1130 741 1380 784 meritorium,
1396 739 1484 786 quia
1499 739 1638 775 ethnici
1651 741 1687 774 et
1703 748 1766 783 pu-

990 789 1127 826 blicani
1153 790 1222 825 hoc
1242 788 1396 824 faciunt.
1413 786 1483 823 Alii
1502 788 1588 822 sunt
1606 784 1669 831 qui
1685 784 1768 820 red-

991 836 1084 872 dunt
1098 837 1197 873 bona
1210 847 1277 882 pro
1299 834 1426 878 malis;
1444 837 1480 870 et
1500 833 1602 869 istud
1613 835 1669 868 est
1686 842 1768 877 per-

990 883 1095 919 feetae
1108 883 1274 919 caritatis
1289 881 1480 925 indicium,
1496 880 1549 917 sic
1566 879 1652 916 fecit
1666 878 1769 916 Chri-

991 934 1069 966 stus
1079 933 1114 966 et
1129 930 1253 966 docuit
1265 940 1354 965 suos
1366 928 1577 974 discipulos.
1590 926 1661 963 Alii
1674 928 1771 962 sunt-

991 977 1053 1024 qui
1074 978 1236 1013 reddunt
1256 977 1356 1012 mala
1374 987 1441 1023 pro
1463 975 1588 1019 l)onis;
1609 978 1647 1010 et
1667 973 1769 1009 istud

991 1027 1047 1061 est
1068 1025 1175 1061 valde
1196 1024 1380 1070 iniquum,
1406 1027 1441 1060 et
1462 1023 1556 1059 tales
1578 1024 1684 1058 erant
1703 1022 1768 1057 Ju-

991 1072 1062 1108 daei
1093 1072 1193 1108 circa
1218 1071 1417 1112 Christum,
1448 1073 1485 1106 et
1510 1070 1593 1106 ideo
1618 1079 1682 1105 eos
1708 1078 1768 1104 ar-

991 1119 1085 1166 guit,
1099 1119 1227 1155 dicens
1245 1131 1253 1155 ε
1274 1120 1392 1154 Multa
1408 1119 1498 1154 bona
1513 1128 1636 1163 opera,
1649 1119 1719 1152 ete.

1040 1171 1060 1203 6
1092 1168 1236 1203 PROBAT
1267 1167 1441 1203 CuiusTus
1467 1177 1506 1200 sn
1532 1176 1615 1200 ESSE
1644 1165 1770 1199 Finiuu

992 1216 1059 1250 Dm
1087 1215 1287 1250 SCRIPTCRA
1309 1225 1418 1249 sacua
1440 1224 1482 1248 ET
1515 1223 1704 1248 ornamus,
1727 1230 1771 1236 —

991 1262 1267 1307 Responderunt
1291 1263 1324 1296 ei
1345 1261 1476 1304 Jurjiaei,
1498 1260 1656 1296 dicentes
1686 1270 1694 1294 :
1720 1259 1771 1293 De

995 1310 1082 1344 bono
1108 1320 1212 1354 opere
1237 1320 1308 1344 non
1338 1308 1548 1353 lapidamus
1572 1310 1617 1349 te,
1639 1306 1702 1341 sed
1727 1305 1771 1340 de

995 1357 1245 1401 blasphemia‚·
1262 1359 1295 1391 et
1312 1357 1415 1400 quia,
1430 1359 1469 1390 tu
1485 1356 1585 1390 horno
1604 1365 1683 1389 cum
1703 1354 1769 1397 sis,
1809 1384 1812 1388 .

992 1405 1089 1447 fucis
1105 1405 1260 1449 teipsum
1278 1406 1401 1438 Deum.
1417 1404 1596 1438 Asserens
1611 1400 1712 1437 enim
1731 1411 1770 1436 se

996 1461 1078 1485 esse
1101 1461 1217 1486 unum
1237 1461 1319 1486 cum
1344 1451 1467 1493 Patre,
1487 1450 1611 1484 innuit
1632 1459 1671 1484 se
1689 1458 1770 1483 esse

995 1499 1112 1533 Deum
1130 1510 1137 1541 3
1163 1509 1236 1533 non
1258 1501 1382 1533 autem
1402 1496 1481 1542 ipse
1502 1496 1665 1542 seipsum
1686 1494 1772 1530 fecit

994 1546 1127 1584 Deum.
1148 1545 1212 1580 sed
1231 1545 1341 1580 Pater
1362 1554 1548 1589 generans
1565 1553 1665 1587 euin,
1685 1542 1771 1578 fecit

994 1591 1116 1637 ipsum
1135 1593 1266 1628 Deum.
1291 1591 1472 1627 Dominus
1494 1594 1619 1627 autem
1642 1590 1772 1626 voleus

994 1650 1125 1675 eorum
1147 1639 1313 1675 furorem
1335 1642 1561 1684 temperare,
1578 1637 1772 1683 respondit

994 1686 1061 1729 eis,
1078 1697 1116 1722 se
1138 1698 1211 1722 non
1226 1698 1308 1722 esse
1324 1687 1597 1731 blasphemum,
1613 1685 1769 1721 dicendo

995 1745 1034 1769 se
1051 1745 1133 1769 esse
1153 1736 1285 1778 Deum,
1303 1734 1358 1769 vel
1379 1733 1442 1769 Dei
1467 1733 1600 1769 Filium
1621 1735 1770 1768 natura-

994 1780 1080 1816 lem.
1099 1782 1204 1824 Quod
1223 1782 1356 1827 probat
1375 1780 1496 1826 primo
1517 1791 1583 1826 per
1607 1779 1771 1827 Scriptu-

994 1839 1088 1871 ram,
1102 1828 1189 1874 quia
1201 1829 1391 1874 Scriptura
1407 1839 1528 1867 sai-ra,
1547 1838 1630 1863 cum
1649 1826 1698 1862 sit
1713 1827 1767 1862 in-

995 1875 1148 1921 spirata,
1163 1887 1236 1911 uon
1253 1880 1375 1922 potest
1397 1886 1480 1912 esse
1506 1874 1619 1917 falsa;
1639 1877 1675 1909 et
1691 1874 1771 1909 haee

994 1922 1123 1959 tribuit
1143 1922 1357 1959 hominihus
1380 1922 1532 1966 sanctis,
1552 1924 1589 1957 et
1610 1921 1772 1967 Prophe-

994 1970 1042 2006 tis
1062 1970 1239 2006 deitatem
1261 1970 1532 2017 participative,
1543 1969 1692 2005 dicensx
1709 1969 1771 2004 Dii

995 2019 1101 2060 estis;
1125 2028 1214 2063 ergo
1235 2019 1351 2053 multo
1379 2017 1510 2063 magis,
1536 2027 1640 2062 quem
1663 2017 1772 2051 Pater

995 2065 1298 2109 sanctificavit,id
1316 2068 1373 2101 est
1388 2068 1557 2101 sanctum
1569 2064 1615 2099 ab
1631 2066 1771 2099 aeterno

995 2111 1125 2158 genuit
1139 2112 1347 2148 secundum
1356 2112 1548 2155 deitatem,
1560 2112 1679 2156 etJ'am
1689 2119 1773 2145 san-

997 2159 1186 2203 ctificavit,
1202 2159 1238 2195 id
1255 2163 1309 2195 est
1326 2158 1559 2205 plenitudine
1572 2157 1703 2202 gratias
1718 2167 1773 2192 re-

996 2206 1110 2252 plevit
1122 2209 1303 2252 quantum
1313 2207 1359 2242 ad
1369 2205 1654 2248 humanitatem,
1665 2207 1698 2239 et
1707 2205 1773 2238 mi-

995 2256 1044 2289 sit
1053 2256 1090 2288 in
1102 2254 1289 2297 mundum,
1301 2253 1349 2289 ad
1360 2253 1580 2289 salvandum
1591 2255 1628 2287 et
1639 2250 1773 2287 sancti-

996 2300 1187 2336 ficandum
1208 2299 1344 2346 ipsum,
1368 2300 1462 2336 sicut
1488 2303 1569 2335 erat
1594 2309 1661 2345 per
1680 2300 1772 2334 Pro-

996 2349 1129 2394 phetas
1149 2347 1304 2391 dictum,
1324 2350 1447 2393 potest
1467 2346 1538 2382 dici
1560 2348 1660 2382 Deus
1686 2356 1772 2392 pro-

996 2395 1098 2442 prie;
1120 2405 1203 2431 cum
1222 2397 1348 2431 tamen
1367 2394 1512 2430 dicatur
1528 2394 1639 2429 homo
1660 2394 1771 2437 Deus,

997 2445 1032 2478 et
1058 2443 1222 2479 Verbum
1255 2444 1352 2478 Deus
1385 2440 1620 2477 dissimiliter
1647 2451 1655 2476 :
1685 2439 1774 2485 quia

997 2490 1110 2525 homo
1124 2489 1340 2535 adoptione,
1354 2489 1519 2525 Verbum
1536 2487 1771 2524 naturaliter.

997 2536 1049 2579 Si,
1071 2536 1204 2582 inquit,
1227 2535 1392 2582 adoptivi
1417 2536 1484 2571 tilii
1506 2535 1557 2571 dii
1581 2534 1772 2579 dicuntur,

998 2593 1113 2629 quare
1132 2583 1310 2619 naturalis
1332 2582 1444 2619 Filius
1465 2585 1563 2619 Deus
1581 2592 1657 2618 non
1676 2581 1774 2617 dica-

997 2631 1085 2666 tur?
1103 2629 1294 2676 Scriptura
1311 2629 1462 2675 quidem
1480 2640 1587 2665 sacra
1603 2627 1774 2664 attribuit

997 2676 1214 2713 hominibus
1232 2677 1368 2713 sanctis
1384 2677 1561 2713 deitatem
1576 2675 1775 2722 participa-

997 2723 1071 2760 tive
1092 2724 1244 2766 dictam,
1258 2725 1323 2760 sed
1344 2724 1492 2760 Christo
1507 2723 1677 2760 attribuit
1698 2721 1775 2758 dei-

996 2774 1111 2807 tatem
1120 2771 1269 2818 proprie
1282 2771 1432 2807 dictam.
1449 2771 1661 2807 Secundum
1671 2769 1773 2806 enim

996 2819 1255 2863 Athamanum,
1266 2818 1387 2855 tribus
1395 2818 1516 2856 modis
1533 2817 1668 2865 aliquis
1682 2815 1772 2854 dici-
