<?xml version="1.0" encoding="UTF-8"?>
<!DOCTYPE html PUBLIC "-//W3C//DTD XHTML 1.0 Transitional//EN"
    "http://www.w3.org/TR/xhtml1/DTD/xhtml1-transitional.dtd">
<html xmlns="http://www.w3.org/1999/xhtml" xml:lang="en" lang="en">
 <head>
  <title>
</title>
<meta http-equiv="Content-Type" content="text/html;charset=utf-8" />
  <meta name='ocr-system' content='tesseract 3.04.00' />
  <meta name='ocr-capabilities' content='ocr_page ocr_carea ocr_par ocr_line ocrx_word'/>
</head>
<body>
  <div class='ocr_page' id='page_1' title='image "./vitajesuchristie02ludouoft_0018.png"; bbox 0 0 1894 3186; ppageno 0'>
   <div class='ocr_carea' id='block_1_1' title="bbox 130 222 1277 257">
    <p class='ocr_par' dir='ltr' id='par_1_1' title="bbox 130 222 1277 257">
     <span class='ocr_line' id='line_1_1' title="bbox 130 222 1277 257; baseline 0.001 -2"><span class='ocrx_word' id='word_1_1' title='bbox 130 222 165 255; x_wconf 89' lang='lat'>10</span> <span class='ocrx_word' id='word_1_2' title='bbox 624 224 770 257; x_wconf 79' lang='lat' dir='ltr'>PRIMAE</span> <span class='ocrx_word' id='word_1_3' title='bbox 810 223 968 257; x_wconf 85' lang='lat' dir='ltr'>PARTIS</span> <span class='ocrx_word' id='word_1_4' title='bbox 1007 222 1142 255; x_wconf 82' lang='lat' dir='ltr'>CAPUT</span> <span class='ocrx_word' id='word_1_5' title='bbox 1179 223 1277 256; x_wconf 86' lang='lat' dir='ltr'>XLV.</span> 
     </span>
    </p>
   </div>
   <div class='ocr_carea' id='block_1_2' title="bbox 128 292 918 2577">
    <p class='ocr_par' dir='ltr' id='par_1_2' title="bbox 128 292 918 2577">
     <span class='ocr_line' id='line_1_2' title="bbox 137 292 918 338; baseline 0 -9"><span class='ocrx_word' id='word_1_6' title='bbox 137 294 338 338; x_wconf 78' lang='lat' dir='ltr'>reliquere,</span> <span class='ocrx_word' id='word_1_7' title='bbox 384 292 515 329; x_wconf 87' lang='lat' dir='ltr'>domos</span> <span class='ocrx_word' id='word_1_8' title='bbox 555 294 716 330; x_wconf 85' lang='lat' dir='ltr'>revisere</span> <span class='ocrx_word' id='word_1_9' title='bbox 756 305 831 329; x_wconf 91' lang='lat' dir='ltr'>non</span> <span class='ocrx_word' id='word_1_10' title='bbox 872 295 918 329; x_wconf 91' lang='lat' dir='ltr'>ti-</span> 
     </span>
     <span class='ocr_line' id='line_1_3' title="bbox 138 339 918 377; baseline 0 -1"><span class='ocrx_word' id='word_1_11' title='bbox 138 339 264 376; x_wconf 82' lang='lat' dir='ltr'>ment?</span> <span class='ocrx_word' id='word_1_12' title='bbox 288 341 362 375; x_wconf 86' lang='lat' dir='ltr'>Hoc</span> <span class='ocrx_word' id='word_1_13' title='bbox 388 339 477 375; x_wconf 89' lang='lat' dir='ltr'>facit</span> <span class='ocrx_word' id='word_1_14' title='bbox 507 344 638 377; x_wconf 89' lang='lat' dir='ltr'>contra</span> <span class='ocrx_word' id='word_1_15' title='bbox 659 341 861 376; x_wconf 85' lang='lat' dir='ltr'>monachos</span> <span class='ocrx_word' id='word_1_16' title='bbox 881 342 918 376; x_wconf 91' lang='lat' dir='ltr'>in</span> 
     </span>
     <span class='ocr_line' id='line_1_4' title="bbox 138 387 916 431; baseline 0.003 -10"><span class='ocrx_word' id='word_1_17' title='bbox 138 387 309 422; x_wconf 87' lang='lat' dir='ltr'>domibus</span> <span class='ocrx_word' id='word_1_18' title='bbox 361 391 559 431; x_wconf 82' lang='lat' dir='ltr'>parentum</span> <span class='ocrx_word' id='word_1_19' title='bbox 609 392 646 423; x_wconf 85' lang='lat' dir='ltr'>et</span> <span class='ocrx_word' id='word_1_20' title='bbox 692 388 916 423; x_wconf 78' lang='lat' dir='ltr'>secularium</span> 
     </span>
     <span class='ocr_line' id='line_1_5' title="bbox 137 433 916 479; baseline 0.001 -10"><span class='ocrx_word' id='word_1_21' title='bbox 137 433 430 469; x_wconf 81' lang='lat' dir='ltr'>conviventes.»</span> <span class='ocrx_word' id='word_1_22' title='bbox 466 435 569 470; x_wconf 88' lang='lat' dir='ltr'>Unde</span> <span class='ocrx_word' id='word_1_23' title='bbox 607 435 718 470; x_wconf 89' lang='lat' dir='ltr'>etiam</span> <span class='ocrx_word' id='word_1_24' title='bbox 757 434 916 479; x_wconf 73' lang='lat' dir='ltr'>Chryso-</span> 
     </span>
     <span class='ocr_line' id='line_1_6' title="bbox 134 479 913 527; baseline 0.001 -12"><span class='ocrx_word' id='word_1_25' title='bbox 134 484 299 516; x_wconf 74' lang='lat' dir='ltr'>stomus:</span> <span class='ocrx_word' id='word_1_26' title='bbox 340 494 352 513; x_wconf 87' lang='lat'>«</span> <span class='ocrx_word' id='word_1_27' title='bbox 379 479 551 516; x_wconf 79' lang='lat' dir='ltr'>Ostendit</span> <span class='ocrx_word' id='word_1_28' title='bbox 584 482 685 527; x_wconf 92' lang='lat' dir='ltr'>quod</span> <span class='ocrx_word' id='word_1_29' title='bbox 712 482 774 527; x_wconf 90' lang='lat' dir='ltr'>qui</span> <span class='ocrx_word' id='word_1_30' title='bbox 807 481 913 527; x_wconf 87' lang='lat' dir='ltr'>sequi</span> 
     </span>
     <span class='ocr_line' id='line_1_7' title="bbox 133 527 912 573; baseline 0.001 -11"><span class='ocrx_word' id='word_1_31' title='bbox 133 527 334 562; x_wconf 88' lang='lat' dir='ltr'>Dominum</span> <span class='ocrx_word' id='word_1_32' title='bbox 364 527 563 572; x_wconf 76' lang='lat' dir='ltr'>desiderat,</span> <span class='ocrx_word' id='word_1_33' title='bbox 588 529 650 573; x_wconf 89' lang='lat' dir='ltr'>qui</span> <span class='ocrx_word' id='word_1_34' title='bbox 685 539 840 564; x_wconf 87' lang='lat' dir='ltr'>manum</span> <span class='ocrx_word' id='word_1_35' title='bbox 875 529 912 563; x_wconf 91' lang='lat' dir='ltr'>in</span> 
     </span>
     <span class='ocr_line' id='line_1_8' title="bbox 133 574 910 620; baseline 0.001 -11"><span class='ocrx_word' id='word_1_36' title='bbox 133 578 260 610; x_wconf 86' lang='lat' dir='ltr'>aratro</span> <span class='ocrx_word' id='word_1_37' title='bbox 280 574 400 619; x_wconf 87' lang='lat' dir='ltr'>ponit,</span> <span class='ocrx_word' id='word_1_38' title='bbox 429 575 464 609; x_wconf 90' lang='lat' dir='ltr'>id</span> <span class='ocrx_word' id='word_1_39' title='bbox 486 579 539 610; x_wconf 89' lang='lat' dir='ltr'>est</span> <span class='ocrx_word' id='word_1_40' title='bbox 561 576 623 620; x_wconf 92' lang='lat' dir='ltr'>qui</span> <span class='ocrx_word' id='word_1_41' title='bbox 651 576 687 610; x_wconf 93' lang='lat' dir='ltr'>in</span> <span class='ocrx_word' id='word_1_42' title='bbox 708 586 770 620; x_wconf 88' lang='lat' dir='ltr'>spe</span> <span class='ocrx_word' id='word_1_43' title='bbox 791 575 910 610; x_wconf 88' lang='lat' dir='ltr'>crucis</span> 
     </span>
     <span class='ocr_line' id='line_1_9' title="bbox 135 620 911 666; baseline 0.001 -10"><span class='ocrx_word' id='word_1_44' title='bbox 135 620 272 656; x_wconf 84' lang='lat' dir='ltr'>Christi</span> <span class='ocrx_word' id='word_1_45' title='bbox 299 621 523 666; x_wconf 83' lang='lat' dir='ltr'>Evangelica</span> <span class='ocrx_word' id='word_1_46' title='bbox 543 622 614 657; x_wconf 81' lang='lat' dir='ltr'>fide</span> <span class='ocrx_word' id='word_1_47' title='bbox 644 622 829 665; x_wconf 82' lang='lat' dir='ltr'>fundatus,</span> <span class='ocrx_word' id='word_1_48' title='bbox 852 633 911 657; x_wconf 87' lang='lat' dir='ltr'>se-</span> 
     </span>
     <span class='ocr_line' id='line_1_10' title="bbox 134 667 910 714; baseline 0.003 -12"><span class='ocrx_word' id='word_1_49' title='bbox 134 667 217 702; x_wconf 91' lang='lat' dir='ltr'>culo</span> <span class='ocrx_word' id='word_1_50' title='bbox 250 667 454 711; x_wconf 78' lang='lat' dir='ltr'>renuntiat,</span> <span class='ocrx_word' id='word_1_51' title='bbox 483 670 668 714; x_wconf 78' lang='lat' dir='ltr'>respicere</span> <span class='ocrx_word' id='word_1_52' title='bbox 699 673 800 704; x_wconf 87' lang='lat' dir='ltr'>retro</span> <span class='ocrx_word' id='word_1_53' title='bbox 836 680 910 704; x_wconf 90' lang='lat' dir='ltr'>non</span> 
     </span>
     <span class='ocr_line' id='line_1_11' title="bbox 136 713 909 760; baseline 0.001 -11"><span class='ocrx_word' id='word_1_54' title='bbox 136 714 282 758; x_wconf 88' lang='lat' dir='ltr'>debeat,</span> <span class='ocrx_word' id='word_1_55' title='bbox 324 713 361 749; x_wconf 93' lang='lat' dir='ltr'>id</span> <span class='ocrx_word' id='word_1_56' title='bbox 396 718 451 749; x_wconf 90' lang='lat' dir='ltr'>est</span> <span class='ocrx_word' id='word_1_57' title='bbox 486 726 617 751; x_wconf 87' lang='lat' dir='ltr'>rursus</span> <span class='ocrx_word' id='word_1_58' title='bbox 652 716 698 751; x_wconf 90' lang='lat' dir='ltr'>ad</span> <span class='ocrx_word' id='word_1_59' title='bbox 745 726 787 750; x_wconf 89' lang='lat' dir='ltr'>ea</span> <span class='ocrx_word' id='word_1_60' title='bbox 827 725 909 760; x_wconf 82' lang='lat' dir='ltr'>quae</span> 
     </span>
     <span class='ocr_line' id='line_1_12' title="bbox 132 761 911 807; baseline 0.001 -11"><span class='ocrx_word' id='word_1_61' title='bbox 132 761 248 796; x_wconf 86' lang='lat' dir='ltr'>seculi</span> <span class='ocrx_word' id='word_1_62' title='bbox 288 765 375 796; x_wconf 87' lang='lat' dir='ltr'>sunt</span> <span class='ocrx_word' id='word_1_63' title='bbox 400 761 537 801; x_wconf 78' lang='lat' dir='ltr'>redire,</span> <span class='ocrx_word' id='word_1_64' title='bbox 574 773 621 797; x_wconf 91' lang='lat' dir='ltr'>ne</span> <span class='ocrx_word' id='word_1_65' title='bbox 648 773 714 807; x_wconf 90' lang='lat' dir='ltr'>per</span> <span class='ocrx_word' id='word_1_66' title='bbox 740 763 911 807; x_wconf 88' lang='lat' dir='ltr'>hujusce-</span> 
     </span>
     <span class='ocr_line' id='line_1_13' title="bbox 133 807 908 844; baseline 0.003 -2"><span class='ocrx_word' id='word_1_67' title='bbox 133 807 235 843; x_wconf 86' lang='lat' dir='ltr'>modi</span> <span class='ocrx_word' id='word_1_68' title='bbox 264 808 414 843; x_wconf 87' lang='lat' dir='ltr'>inanem</span> <span class='ocrx_word' id='word_1_69' title='bbox 433 809 547 843; x_wconf 89' lang='lat' dir='ltr'>seculi</span> <span class='ocrx_word' id='word_1_70' title='bbox 571 819 698 844; x_wconf 89' lang='lat' dir='ltr'>curam</span> <span class='ocrx_word' id='word_1_71' title='bbox 721 812 755 843; x_wconf 83' lang='lat' dir='ltr'>et</span> <span class='ocrx_word' id='word_1_72' title='bbox 773 819 908 844; x_wconf 85' lang='lat' dir='ltr'>vanam</span> 
     </span>
     <span class='ocr_line' id='line_1_14' title="bbox 131 854 907 900; baseline 0.001 -12"><span class='ocrx_word' id='word_1_73' title='bbox 131 854 375 899; x_wconf 88' lang='lat' dir='ltr'>cupiditatem</span> <span class='ocrx_word' id='word_1_74' title='bbox 387 865 504 900; x_wconf 85' lang='lat' dir='ltr'>regno</span> <span class='ocrx_word' id='word_1_75' title='bbox 526 855 788 890; x_wconf 81' lang='lat' dir='ltr'>Deicfficiatur</span> <span class='ocrx_word' id='word_1_76' title='bbox 809 855 907 890; x_wconf 92' lang='lat' dir='ltr'>indi-</span> 
     </span>
     <span class='ocr_line' id='line_1_15' title="bbox 133 901 907 946; baseline 0.001 -11"><span class='ocrx_word' id='word_1_77' title='bbox 133 911 241 946; x_wconf 87' lang='lat' dir='ltr'>gnus.</span> <span class='ocrx_word' id='word_1_78' title='bbox 263 901 392 946; x_wconf 80' lang='lat' dir='ltr'>Igitur,</span> <span class='ocrx_word' id='word_1_79' title='bbox 417 912 492 936; x_wconf 90' lang='lat' dir='ltr'>non</span> <span class='ocrx_word' id='word_1_80' title='bbox 512 901 698 936; x_wconf 88' lang='lat' dir='ltr'>immerito</span> <span class='ocrx_word' id='word_1_81' title='bbox 712 902 907 946; x_wconf 74' lang='lat' dir='ltr'>Apostolus</span> 
     </span>
     <span class='ocr_line' id='line_1_16' title="bbox 133 947 906 994; baseline 0.001 -12"><span class='ocrx_word' id='word_1_82' title='bbox 133 947 326 991; x_wconf 79' lang='lat' dir='ltr'>admonet,</span> <span class='ocrx_word' id='word_1_83' title='bbox 360 958 406 982; x_wconf 91' lang='lat' dir='ltr'>ne</span> <span class='ocrx_word' id='word_1_84' title='bbox 440 948 486 982; x_wconf 89' lang='lat' dir='ltr'>ad</span> <span class='ocrx_word' id='word_1_85' title='bbox 525 948 676 983; x_wconf 84' lang='lat' dir='ltr'>infirma</span> <span class='ocrx_word' id='word_1_86' title='bbox 713 952 748 982; x_wconf 85' lang='lat' dir='ltr'>et</span> <span class='ocrx_word' id='word_1_87' title='bbox 789 959 906 994; x_wconf 88' lang='lat' dir='ltr'>egena</span> 
     </span>
     <span class='ocr_line' id='line_1_17' title="bbox 132 994 906 1030; baseline 0.004 -3"><span class='ocrx_word' id='word_1_88' title='bbox 132 994 263 1028; x_wconf 88' lang='lat' dir='ltr'>mundi</span> <span class='ocrx_word' id='word_1_89' title='bbox 299 997 585 1030; x_wconf 81' lang='lat' dir='ltr'>revertamur.»</span> <span class='ocrx_word' id='word_1_90' title='bbox 625 995 727 1030; x_wconf 88' lang='lat' dir='ltr'>Unde</span> <span class='ocrx_word' id='word_1_91' title='bbox 771 995 906 1030; x_wconf 85' lang='lat' dir='ltr'>iterum</span> 
     </span>
     <span class='ocr_line' id='line_1_18' title="bbox 130 1040 906 1077; baseline 0.001 -2"><span class='ocrx_word' id='word_1_92' title='bbox 130 1040 338 1075; x_wconf 77' lang='lat' dir='ltr'>Bernardus</span> <span class='ocrx_word' id='word_1_93' title='bbox 359 1055 366 1077; x_wconf 87' lang='lat'>:</span> <span class='ocrx_word' id='word_1_94' title='bbox 393 1055 408 1071; x_wconf 93' lang='lat'>«</span> <span class='ocrx_word' id='word_1_95' title='bbox 428 1042 472 1075; x_wconf 90' lang='lat' dir='ltr'>Et</span> <span class='ocrx_word' id='word_1_96' title='bbox 492 1042 562 1076; x_wconf 92' lang='lat' dir='ltr'>hoc</span> <span class='ocrx_word' id='word_1_97' title='bbox 590 1042 743 1076; x_wconf 91' lang='lat' dir='ltr'>omnino</span> <span class='ocrx_word' id='word_1_98' title='bbox 770 1042 906 1076; x_wconf 90' lang='lat' dir='ltr'>timen-</span> 
     </span>
     <span class='ocr_line' id='line_1_19' title="bbox 132 1086 907 1132; baseline 0.003 -11"><span class='ocrx_word' id='word_1_99' title='bbox 132 1086 220 1121; x_wconf 89' lang='lat' dir='ltr'>dum</span> <span class='ocrx_word' id='word_1_100' title='bbox 242 1091 308 1131; x_wconf 89' lang='lat' dir='ltr'>est,</span> <span class='ocrx_word' id='word_1_101' title='bbox 333 1098 379 1122; x_wconf 93' lang='lat' dir='ltr'>ne</span> <span class='ocrx_word' id='word_1_102' title='bbox 399 1088 481 1132; x_wconf 88' lang='lat' dir='ltr'>quis</span> <span class='ocrx_word' id='word_1_103' title='bbox 502 1091 565 1122; x_wconf 88' lang='lat' dir='ltr'>aut</span> <span class='ocrx_word' id='word_1_104' title='bbox 592 1088 701 1123; x_wconf 87' lang='lat' dir='ltr'>corde</span> <span class='ocrx_word' id='word_1_105' title='bbox 725 1088 817 1131; x_wconf 86' lang='lat' dir='ltr'>solo,</span> <span class='ocrx_word' id='word_1_106' title='bbox 844 1093 907 1123; x_wconf 87' lang='lat' dir='ltr'>aut</span> 
     </span>
     <span class='ocr_line' id='line_1_20' title="bbox 132 1133 906 1179; baseline 0.003 -12"><span class='ocrx_word' id='word_1_107' title='bbox 132 1133 244 1168; x_wconf 87' lang='lat' dir='ltr'>etiam</span> <span class='ocrx_word' id='word_1_108' title='bbox 267 1144 423 1178; x_wconf 89' lang='lat' dir='ltr'>corpore</span> <span class='ocrx_word' id='word_1_109' title='bbox 443 1134 508 1168; x_wconf 87' lang='lat' dir='ltr'>fiat</span> <span class='ocrx_word' id='word_1_110' title='bbox 530 1138 709 1178; x_wconf 87' lang='lat' dir='ltr'>apostata.</span> <span class='ocrx_word' id='word_1_111' title='bbox 734 1135 906 1179; x_wconf 77' lang='lat' dir='ltr'>Legimus</span> 
     </span>
     <span class='ocr_line' id='line_1_21' title="bbox 133 1179 905 1226; baseline 0.003 -12"><span class='ocrx_word' id='word_1_112' title='bbox 133 1180 233 1214; x_wconf 90' lang='lat' dir='ltr'>enim</span> <span class='ocrx_word' id='word_1_113' title='bbox 261 1180 305 1215; x_wconf 89' lang='lat' dir='ltr'>de</span> <span class='ocrx_word' id='word_1_114' title='bbox 334 1180 419 1214; x_wconf 83' lang='lat' dir='ltr'>filiis</span> <span class='ocrx_word' id='word_1_115' title='bbox 442 1179 572 1223; x_wconf 88' lang='lat' dir='ltr'>Israel,</span> <span class='ocrx_word' id='word_1_116' title='bbox 595 1182 682 1226; x_wconf 87' lang='lat' dir='ltr'>quia</span> <span class='ocrx_word' id='word_1_117' title='bbox 707 1182 818 1216; x_wconf 90' lang='lat' dir='ltr'>corde</span> <span class='ocrx_word' id='word_1_118' title='bbox 843 1191 905 1216; x_wconf 91' lang='lat' dir='ltr'>re-</span> 
     </span>
     <span class='ocr_line' id='line_1_22' title="bbox 131 1225 905 1273; baseline 0.004 -13"><span class='ocrx_word' id='word_1_119' title='bbox 131 1225 282 1261; x_wconf 86' lang='lat' dir='ltr'>dierunt</span> <span class='ocrx_word' id='word_1_120' title='bbox 313 1226 350 1261; x_wconf 87' lang='lat' dir='ltr'>in</span> <span class='ocrx_word' id='word_1_121' title='bbox 384 1228 594 1272; x_wconf 81' lang='lat' dir='ltr'>AEgyptum.</span> <span class='ocrx_word' id='word_1_122' title='bbox 624 1229 715 1262; x_wconf 88' lang='lat' dir='ltr'>Nam</span> <span class='ocrx_word' id='word_1_123' title='bbox 749 1238 905 1273; x_wconf 86' lang='lat' dir='ltr'>corpore</span> 
     </span>
     <span class='ocr_line' id='line_1_23' title="bbox 131 1272 906 1317; baseline 0.003 -10"><span class='ocrx_word' id='word_1_124' title='bbox 131 1272 269 1308; x_wconf 87' lang='lat' dir='ltr'>reverti</span> <span class='ocrx_word' id='word_1_125' title='bbox 312 1273 477 1308; x_wconf 84' lang='lat' dir='ltr'>clausum</span> <span class='ocrx_word' id='word_1_126' title='bbox 516 1277 598 1317; x_wconf 81' lang='lat' dir='ltr'>post</span> <span class='ocrx_word' id='word_1_127' title='bbox 641 1285 768 1310; x_wconf 89' lang='lat' dir='ltr'>eorum</span> <span class='ocrx_word' id='word_1_128' title='bbox 812 1275 906 1309; x_wconf 87' lang='lat' dir='ltr'>talos</span> 
     </span>
     <span class='ocr_line' id='line_1_24' title="bbox 132 1320 905 1366; baseline 0.001 -12"><span class='ocrx_word' id='word_1_129' title='bbox 132 1320 289 1355; x_wconf 86' lang='lat' dir='ltr'>rubrum</span> <span class='ocrx_word' id='word_1_130' title='bbox 311 1330 413 1355; x_wconf 89' lang='lat' dir='ltr'>mare</span> <span class='ocrx_word' id='word_1_131' title='bbox 432 1321 605 1365; x_wconf 79' lang='lat' dir='ltr'>vetabat3</span> <span class='ocrx_word' id='word_1_132' title='bbox 627 1322 696 1357; x_wconf 85' lang='lat' dir='ltr'>hoc</span> <span class='ocrx_word' id='word_1_133' title='bbox 720 1325 785 1364; x_wconf 85' lang='lat' dir='ltr'>est,</span> <span class='ocrx_word' id='word_1_134' title='bbox 807 1322 905 1366; x_wconf 89' lang='lat' dir='ltr'>quod</span> 
     </span>
     <span class='ocr_line' id='line_1_25' title="bbox 134 1366 907 1411; baseline 0.001 -10"><span class='ocrx_word' id='word_1_135' title='bbox 134 1376 202 1411; x_wconf 79' lang='lat' dir='ltr'>ego</span> <span class='ocrx_word' id='word_1_136' title='bbox 239 1377 384 1410; x_wconf 82' lang='lat' dir='ltr'>vereor,</span> <span class='ocrx_word' id='word_1_137' title='bbox 425 1366 574 1410; x_wconf 85' lang='lat' dir='ltr'>fratres,</span> <span class='ocrx_word' id='word_1_138' title='bbox 614 1378 658 1403; x_wconf 89' lang='lat' dir='ltr'>ne</span> <span class='ocrx_word' id='word_1_139' title='bbox 699 1368 794 1403; x_wconf 85' lang='lat' dir='ltr'>sorte</span> <span class='ocrx_word' id='word_1_140' title='bbox 833 1368 907 1402; x_wconf 88' lang='lat' dir='ltr'>sint</span> 
     </span>
     <span class='ocr_line' id='line_1_26' title="bbox 130 1413 905 1460; baseline 0.003 -13"><span class='ocrx_word' id='word_1_141' title='bbox 130 1413 246 1458; x_wconf 82' lang='lat' dir='ltr'>aliqui</span> <span class='ocrx_word' id='word_1_142' title='bbox 274 1413 407 1457; x_wconf 88' lang='lat' dir='ltr'>quibus</span> <span class='ocrx_word' id='word_1_143' title='bbox 434 1414 465 1448; x_wconf 88' lang='lat' dir='ltr'>si</span> <span class='ocrx_word' id='word_1_144' title='bbox 491 1414 610 1459; x_wconf 87' lang='lat' dir='ltr'>pudor</span> <span class='ocrx_word' id='word_1_145' title='bbox 626 1418 738 1460; x_wconf 84' lang='lat' dir='ltr'>negat</span> <span class='ocrx_word' id='word_1_146' title='bbox 755 1419 905 1459; x_wconf 85' lang='lat' dir='ltr'>aposta-</span> 
     </span>
     <span class='ocr_line' id='line_1_27' title="bbox 131 1459 905 1505; baseline 0.003 -11"><span class='ocrx_word' id='word_1_147' title='bbox 131 1459 224 1494; x_wconf 88' lang='lat' dir='ltr'>siam</span> <span class='ocrx_word' id='word_1_148' title='bbox 240 1459 418 1505; x_wconf 83' lang='lat' dir='ltr'>corporis,</span> <span class='ocrx_word' id='word_1_149' title='bbox 435 1464 540 1503; x_wconf 80' lang='lat' dir='ltr'>tepor</span> <span class='ocrx_word' id='word_1_150' title='bbox 554 1460 664 1496; x_wconf 85' lang='lat' dir='ltr'>saciat</span> <span class='ocrx_word' id='word_1_151' title='bbox 681 1462 905 1505; x_wconf 72' lang='lat' dir='ltr'>apostasiam</span> 
     </span>
     <span class='ocr_line' id='line_1_28' title="bbox 132 1506 906 1550; baseline 0.003 -10"><span class='ocrx_word' id='word_1_152' title='bbox 132 1506 267 1550; x_wconf 86' lang='lat' dir='ltr'>cordis,</span> <span class='ocrx_word' id='word_1_153' title='bbox 304 1511 343 1541; x_wconf 91' lang='lat' dir='ltr'>ut</span> <span class='ocrx_word' id='word_1_154' title='bbox 376 1506 550 1541; x_wconf 81' lang='lat' dir='ltr'>videlicet</span> <span class='ocrx_word' id='word_1_155' title='bbox 586 1508 623 1542; x_wconf 91' lang='lat' dir='ltr'>in</span> <span class='ocrx_word' id='word_1_156' title='bbox 658 1507 787 1543; x_wconf 71' lang='lat' dir='ltr'>habitu</span> <span class='ocrx_word' id='word_1_157' title='bbox 824 1508 906 1542; x_wconf 87' lang='lat' dir='ltr'>reli-</span> 
     </span>
     <span class='ocr_line' id='line_1_29' title="bbox 128 1551 906 1599; baseline 0.001 -12"><span class='ocrx_word' id='word_1_158' title='bbox 128 1551 251 1598; x_wconf 87' lang='lat' dir='ltr'>gionis</span> <span class='ocrx_word' id='word_1_159' title='bbox 288 1563 350 1587; x_wconf 87' lang='lat' dir='ltr'>eor</span> <span class='ocrx_word' id='word_1_160' title='bbox 373 1554 542 1588; x_wconf 83' lang='lat' dir='ltr'>seculare</span> <span class='ocrx_word' id='word_1_161' title='bbox 564 1559 709 1599; x_wconf 79' lang='lat' dir='ltr'>gerant,</span> <span class='ocrx_word' id='word_1_162' title='bbox 737 1558 774 1588; x_wconf 87' lang='lat' dir='ltr'>ct</span> <span class='ocrx_word' id='word_1_163' title='bbox 802 1554 906 1598; x_wconf 88' lang='lat' dir='ltr'>quid-</span> 
     </span>
     <span class='ocr_line' id='line_1_30' title="bbox 130 1599 904 1644; baseline 0.001 -11"><span class='ocrx_word' id='word_1_164' title='bbox 130 1599 219 1644; x_wconf 88' lang='lat' dir='ltr'>quid</span> <span class='ocrx_word' id='word_1_165' title='bbox 249 1599 425 1634; x_wconf 87' lang='lat' dir='ltr'>secularis</span> <span class='ocrx_word' id='word_1_166' title='bbox 448 1599 711 1635; x_wconf 78' lang='lat' dir='ltr'>consolationis</span> <span class='ocrx_word' id='word_1_167' title='bbox 738 1600 904 1635; x_wconf 88' lang='lat' dir='ltr'>invenire</span> 
     </span>
     <span class='ocr_line' id='line_1_31' title="bbox 128 1646 904 1692; baseline 0.005 -13"><span class='ocrx_word' id='word_1_168' title='bbox 128 1646 333 1690; x_wconf 88' lang='lat' dir='ltr'>potuerint,</span> <span class='ocrx_word' id='word_1_169' title='bbox 372 1646 448 1681; x_wconf 79' lang='lat' dir='ltr'>laett</span> <span class='ocrx_word' id='word_1_170' title='bbox 492 1647 695 1692; x_wconf 82' lang='lat' dir='ltr'>suscipiant</span> <span class='ocrx_word' id='word_1_171' title='bbox 724 1658 731 1683; x_wconf 93' lang='lat'>:</span> <span class='ocrx_word' id='word_1_172' title='bbox 759 1660 775 1679; x_wconf 86' lang='lat'>»</span> <span class='ocrx_word' id='word_1_173' title='bbox 825 1648 904 1682; x_wconf 81' lang='lat' dir='ltr'>haec</span> 
     </span>
     <span class='ocr_line' id='line_1_32' title="bbox 128 1692 906 1739; baseline 0.004 -14"><span class='ocrx_word' id='word_1_174' title='bbox 128 1692 350 1727; x_wconf 73' lang='lat' dir='ltr'>Bernurdus.</span> <span class='ocrx_word' id='word_1_175' title='bbox 391 1693 459 1734; x_wconf 88' lang='lat' dir='ltr'>Qui</span> <span class='ocrx_word' id='word_1_176' title='bbox 493 1704 583 1739; x_wconf 87' lang='lat' dir='ltr'>ergo</span> <span class='ocrx_word' id='word_1_177' title='bbox 615 1694 740 1728; x_wconf 85' lang='lat' dir='ltr'>seculo</span> <span class='ocrx_word' id='word_1_178' title='bbox 769 1704 906 1729; x_wconf 89' lang='lat' dir='ltr'>renun-</span> 
     </span>
     <span class='ocr_line' id='line_1_33' title="bbox 129 1737 903 1785; baseline 0.004 -13"><span class='ocrx_word' id='word_1_179' title='bbox 129 1737 249 1783; x_wconf 88' lang='lat' dir='ltr'>tiavit,</span> <span class='ocrx_word' id='word_1_180' title='bbox 294 1739 506 1774; x_wconf 90' lang='lat' dir='ltr'>nullatenus</span> <span class='ocrx_word' id='word_1_181' title='bbox 557 1744 659 1775; x_wconf 87' lang='lat' dir='ltr'>retro</span> <span class='ocrx_word' id='word_1_182' title='bbox 714 1741 903 1785; x_wconf 74' lang='lat' dir='ltr'>respiciat,</span> 
     </span>
     <span class='ocr_line' id='line_1_34' title="bbox 132 1785 904 1832; baseline 0.004 -13"><span class='ocrx_word' id='word_1_183' title='bbox 132 1785 231 1829; x_wconf 84' lang='lat' dir='ltr'>quia,</span> <span class='ocrx_word' id='word_1_184' title='bbox 255 1788 294 1819; x_wconf 91' lang='lat' dir='ltr'>ut</span> <span class='ocrx_word' id='word_1_185' title='bbox 321 1786 372 1819; x_wconf 89' lang='lat' dir='ltr'>ait</span> <span class='ocrx_word' id='word_1_186' title='bbox 399 1785 606 1829; x_wconf 61' lang='lat' dir='ltr'>Greqortus,</span> <span class='ocrx_word' id='word_1_187' title='bbox 635 1786 726 1821; x_wconf 91' lang='lat' dir='ltr'>nihil</span> <span class='ocrx_word' id='word_1_188' title='bbox 754 1788 904 1832; x_wconf 75' lang='lat' dir='ltr'>Angelis</span> 
     </span>
     <span class='ocr_line' id='line_1_35' title="bbox 129 1831 904 1877; baseline 0.003 -11"><span class='ocrx_word' id='word_1_189' title='bbox 129 1831 265 1875; x_wconf 85' lang='lat' dir='ltr'>carius,</span> <span class='ocrx_word' id='word_1_190' title='bbox 286 1831 377 1865; x_wconf 90' lang='lat' dir='ltr'>nihil</span> <span class='ocrx_word' id='word_1_191' title='bbox 403 1833 476 1867; x_wconf 82' lang='lat' dir='ltr'>Deo</span> <span class='ocrx_word' id='word_1_192' title='bbox 491 1833 692 1877; x_wconf 81' lang='lat' dir='ltr'>acceptius,</span> <span class='ocrx_word' id='word_1_193' title='bbox 720 1833 815 1876; x_wconf 72' lang='lat' dir='ltr'>nihil</span> <span class='ocrx_word' id='word_1_194' title='bbox 841 1835 904 1868; x_wconf 84' lang='lat' dir='ltr'>ho—</span> 
     </span>
     <span class='ocr_line' id='line_1_36' title="bbox 131 1877 906 1925; baseline 0.006 -14"><span class='ocrx_word' id='word_1_195' title='bbox 131 1877 223 1912; x_wconf 89' lang='lat' dir='ltr'>mini</span> <span class='ocrx_word' id='word_1_196' title='bbox 240 1878 475 1923; x_wconf 81' lang='lat' dir='ltr'>fructuosius,</span> <span class='ocrx_word' id='word_1_197' title='bbox 489 1890 597 1924; x_wconf 89' lang='lat' dir='ltr'>quam</span> <span class='ocrx_word' id='word_1_198' title='bbox 614 1880 651 1913; x_wconf 93' lang='lat' dir='ltr'>in</span> <span class='ocrx_word' id='word_1_199' title='bbox 662 1884 831 1925; x_wconf 76' lang='lat' dir='ltr'>suscepta</span> <span class='ocrx_word' id='word_1_200' title='bbox 850 1891 906 1916; x_wconf 91' lang='lat' dir='ltr'>re-</span> 
     </span>
     <span class='ocr_line' id='line_1_37' title="bbox 129 1923 904 1971; baseline 0.005 -13"><span class='ocrx_word' id='word_1_201' title='bbox 129 1923 269 1969; x_wconf 85' lang='lat' dir='ltr'>ligione</span> <span class='ocrx_word' id='word_1_202' title='bbox 298 1924 506 1969; x_wconf 78' lang='lat' dir='ltr'>persistere,</span> <span class='ocrx_word' id='word_1_203' title='bbox 534 1927 691 1971; x_wconf 88' lang='lat' dir='ltr'>juraque</span> <span class='ocrx_word' id='word_1_204' title='bbox 724 1927 904 1963; x_wconf 84' lang='lat' dir='ltr'>obedien-</span> 
     </span>
     <span class='ocr_line' id='line_1_38' title="bbox 132 1970 906 2018; baseline 0.005 -13"><span class='ocrx_word' id='word_1_205' title='bbox 132 1970 194 2005; x_wconf 75' lang='lat' dir='ltr'>tiae</span> <span class='ocrx_word' id='word_1_206' title='bbox 215 1971 414 2006; x_wconf 85' lang='lat' dir='ltr'>observare</span> <span class='ocrx_word' id='word_1_207' title='bbox 435 1975 471 2006; x_wconf 91' lang='lat' dir='ltr'>et</span> <span class='ocrx_word' id='word_1_208' title='bbox 489 1973 689 2018; x_wconf 88' lang='lat' dir='ltr'>complere.</span> <span class='ocrx_word' id='word_1_209' title='bbox 711 1974 767 2015; x_wconf 82' lang='lat' dir='ltr'>Et,</span> <span class='ocrx_word' id='word_1_210' title='bbox 790 1979 828 2008; x_wconf 88' lang='lat' dir='ltr'>ut</span> <span class='ocrx_word' id='word_1_211' title='bbox 855 1976 906 2009; x_wconf 88' lang='lat' dir='ltr'>ait</span> 
     </span>
     <span class='ocr_line' id='line_1_39' title="bbox 133 2017 906 2061; baseline 0.005 -10"><span class='ocrx_word' id='word_1_212' title='bbox 133 2017 310 2061; x_wconf 75' lang='lat' dir='ltr'>Isidorus,</span> <span class='ocrx_word' id='word_1_213' title='bbox 341 2019 520 2053; x_wconf 80' lang='lat' dir='ltr'>atrociter</span> <span class='ocrx_word' id='word_1_214' title='bbox 542 2020 577 2053; x_wconf 91' lang='lat' dir='ltr'>in</span> <span class='ocrx_word' id='word_1_215' title='bbox 603 2020 832 2055; x_wconf 88' lang='lat' dir='ltr'>discussione</span> <span class='ocrx_word' id='word_1_216' title='bbox 855 2022 906 2055; x_wconf 90' lang='lat' dir='ltr'>di-</span> 
     </span>
     <span class='ocr_line' id='line_1_40' title="bbox 134 2062 906 2112; baseline 0.008 -15"><span class='ocrx_word' id='word_1_217' title='bbox 134 2062 211 2098; x_wconf 88' lang='lat' dir='ltr'>vini</span> <span class='ocrx_word' id='word_1_218' title='bbox 242 2063 372 2108; x_wconf 81' lang='lat' dir='ltr'>judicii</span> <span class='ocrx_word' id='word_1_219' title='bbox 404 2066 586 2110; x_wconf 86' lang='lat' dir='ltr'>arguendi</span> <span class='ocrx_word' id='word_1_220' title='bbox 606 2070 704 2110; x_wconf 88' lang='lat' dir='ltr'>suut,</span> <span class='ocrx_word' id='word_1_221' title='bbox 727 2068 789 2111; x_wconf 89' lang='lat' dir='ltr'>qui</span> <span class='ocrx_word' id='word_1_222' title='bbox 808 2069 906 2112; x_wconf 86' lang='lat' dir='ltr'>quod</span> 
     </span>
     <span class='ocr_line' id='line_1_41' title="bbox 133 2109 906 2157; baseline 0.008 -14"><span class='ocrx_word' id='word_1_223' title='bbox 133 2109 363 2155; x_wconf 81' lang='lat' dir='ltr'>professione</span> <span class='ocrx_word' id='word_1_224' title='bbox 388 2113 682 2157; x_wconf 78' lang='lat' dir='ltr'>spoponderunt,</span> <span class='ocrx_word' id='word_1_225' title='bbox 704 2124 815 2157; x_wconf 86' lang='lat' dir='ltr'>opere</span> <span class='ocrx_word' id='word_1_226' title='bbox 839 2114 906 2149; x_wconf 84' lang='lat' dir='ltr'>im-</span> 
     </span>
     <span class='ocr_line' id='line_1_42' title="bbox 132 2155 905 2203; baseline 0.008 -13"><span class='ocrx_word' id='word_1_227' title='bbox 132 2155 235 2201; x_wconf 87' lang='lat' dir='ltr'>plere</span> <span class='ocrx_word' id='word_1_228' title='bbox 267 2161 600 2203; x_wconf 74' lang='lat' dir='ltr'>contempserunt,</span> <span class='ocrx_word' id='word_1_229' title='bbox 630 2164 666 2194; x_wconf 85' lang='lat' dir='ltr'>et</span> <span class='ocrx_word' id='word_1_230' title='bbox 692 2161 774 2195; x_wconf 89' lang='lat' dir='ltr'>ideo</span> <span class='ocrx_word' id='word_1_231' title='bbox 808 2162 905 2196; x_wconf 85' lang='lat' dir='ltr'>cauti</span> 
     </span>
     <span class='ocr_line' id='line_1_43' title="bbox 133 2202 903 2252; baseline 0.008 -16"><span class='ocrx_word' id='word_1_232' title='bbox 133 2212 213 2237; x_wconf 87' lang='lat' dir='ltr'>esse</span> <span class='ocrx_word' id='word_1_233' title='bbox 249 2202 442 2247; x_wconf 87' lang='lat' dir='ltr'>debemus,</span> <span class='ocrx_word' id='word_1_234' title='bbox 476 2215 521 2239; x_wconf 88' lang='lat' dir='ltr'>ne</span> <span class='ocrx_word' id='word_1_235' title='bbox 560 2206 698 2241; x_wconf 89' lang='lat' dir='ltr'>mundo</span> <span class='ocrx_word' id='word_1_236' title='bbox 740 2208 903 2252; x_wconf 87' lang='lat' dir='ltr'>undique</span> 
     </span>
     <span class='ocr_line' id='line_1_44' title="bbox 131 2249 905 2296; baseline 0.008 -13"><span class='ocrx_word' id='word_1_237' title='bbox 131 2249 362 2292; x_wconf 79' lang='lat' dir='ltr'>retrahente,</span> <span class='ocrx_word' id='word_1_238' title='bbox 387 2254 422 2284; x_wconf 89' lang='lat' dir='ltr'>et</span> <span class='ocrx_word' id='word_1_239' title='bbox 444 2255 526 2294; x_wconf 87' lang='lat' dir='ltr'>post</span> <span class='ocrx_word' id='word_1_240' title='bbox 555 2252 721 2296; x_wconf 89' lang='lat' dir='ltr'>dorsum,</span> <span class='ocrx_word' id='word_1_241' title='bbox 746 2257 784 2287; x_wconf 88' lang='lat' dir='ltr'>ut</span> <span class='ocrx_word' id='word_1_242' title='bbox 806 2260 905 2289; x_wconf 86' lang='lat' dir='ltr'>retro</span> 
     </span>
     <span class='ocr_line' id='line_1_45' title="bbox 131 2295 905 2345; baseline 0.006 -15"><span class='ocrx_word' id='word_1_243' title='bbox 131 2295 393 2340; x_wconf 84' lang='lat' dir='ltr'>respiciamus,</span> <span class='ocrx_word' id='word_1_244' title='bbox 435 2301 638 2343; x_wconf 80' lang='lat' dir='ltr'>strepente,</span> <span class='ocrx_word' id='word_1_245' title='bbox 670 2301 905 2345; x_wconf 82' lang='lat' dir='ltr'>seducamur,</span> 
     </span>
     <span class='ocr_line' id='line_1_46' title="bbox 133 2345 905 2391; baseline 0.009 -16"><span class='ocrx_word' id='word_1_246' title='bbox 133 2345 169 2376; x_wconf 85' lang='lat' dir='ltr'>et</span> <span class='ocrx_word' id='word_1_247' title='bbox 201 2346 301 2377; x_wconf 87' lang='lat' dir='ltr'>retro</span> <span class='ocrx_word' id='word_1_248' title='bbox 340 2353 423 2377; x_wconf 89' lang='lat' dir='ltr'>cum</span> <span class='ocrx_word' id='word_1_249' title='bbox 462 2354 573 2379; x_wconf 80' lang='lat' dir='ltr'>uxore</span> <span class='ocrx_word' id='word_1_250' title='bbox 605 2346 715 2389; x_wconf 88' lang='lat' dir='ltr'>Loth,</span> <span class='ocrx_word' id='word_1_251' title='bbox 753 2357 835 2391; x_wconf 77' lang='lat' dir='ltr'>quae</span> <span class='ocrx_word' id='word_1_252' title='bbox 867 2347 905 2382; x_wconf 90' lang='lat' dir='ltr'>in</span> 
     </span>
     <span class='ocr_line' id='line_1_47' title="bbox 132 2389 902 2437; baseline 0.009 -15"><span class='ocrx_word' id='word_1_253' title='bbox 132 2390 293 2422; x_wconf 82' lang='lat' dir='ltr'>statuam</span> <span class='ocrx_word' id='word_1_254' title='bbox 320 2389 406 2423; x_wconf 84' lang='lat' dir='ltr'>salis</span> <span class='ocrx_word' id='word_1_255' title='bbox 428 2400 532 2425; x_wconf 86' lang='lat' dir='ltr'>versa</span> <span class='ocrx_word' id='word_1_256' title='bbox 553 2396 619 2435; x_wconf 89' lang='lat' dir='ltr'>est,</span> <span class='ocrx_word' id='word_1_257' title='bbox 646 2393 902 2437; x_wconf 84' lang='lat' dir='ltr'>respiciamus.</span> 
     </span>
     <span class='ocr_line' id='line_1_48' title="bbox 132 2434 905 2486; baseline 0.009 -18"><span class='ocrx_word' id='word_1_258' title='bbox 132 2434 235 2469; x_wconf 87' lang='lat' dir='ltr'>Unde</span> <span class='ocrx_word' id='word_1_259' title='bbox 262 2438 364 2479; x_wconf 88' lang='lat' dir='ltr'>nota,</span> <span class='ocrx_word' id='word_1_260' title='bbox 394 2437 491 2480; x_wconf 87' lang='lat' dir='ltr'>quod</span> <span class='ocrx_word' id='word_1_261' title='bbox 521 2440 643 2473; x_wconf 87' lang='lat' dir='ltr'>statua</span> <span class='ocrx_word' id='word_1_262' title='bbox 673 2440 784 2474; x_wconf 76' lang='lat' dir='ltr'>habet</span> <span class='ocrx_word' id='word_1_263' title='bbox 811 2443 905 2486; x_wconf 82' lang='lat' dir='ltr'>tigu-</span> 
     </span>
     <span class='ocr_line' id='line_1_49' title="bbox 132 2482 905 2525; baseline 0.009 -10"><span class='ocrx_word' id='word_1_264' title='bbox 132 2490 214 2515; x_wconf 85' lang='lat' dir='ltr'>ram</span> <span class='ocrx_word' id='word_1_265' title='bbox 254 2482 468 2525; x_wconf 82' lang='lat' dir='ltr'>humanam,</span> <span class='ocrx_word' id='word_1_266' title='bbox 501 2484 565 2518; x_wconf 83' lang='lat' dir='ltr'>sed</span> <span class='ocrx_word' id='word_1_267' title='bbox 596 2495 669 2519; x_wconf 87' lang='lat' dir='ltr'>non</span> <span class='ocrx_word' id='word_1_268' title='bbox 700 2486 812 2521; x_wconf 80' lang='lat' dir='ltr'>sentit</span> <span class='ocrx_word' id='word_1_269' title='bbox 837 2498 905 2523; x_wconf 86' lang='lat' dir='ltr'>nce</span> 
     </span>
     <span class='ocr_line' id='line_1_50' title="bbox 131 2528 904 2577; baseline 0.01 -16"><span class='ocrx_word' id='word_1_270' title='bbox 131 2531 328 2572; x_wconf 77' lang='lat' dir='ltr'>movetur3</span> <span class='ocrx_word' id='word_1_271' title='bbox 361 2528 413 2564; x_wconf 86' lang='lat' dir='ltr'>sic</span> <span class='ocrx_word' id='word_1_272' title='bbox 434 2540 601 2574; x_wconf 84' lang='lat' dir='ltr'>personae</span> <span class='ocrx_word' id='word_1_273' title='bbox 624 2542 706 2577; x_wconf 81' lang='lat' dir='ltr'>quae</span> <span class='ocrx_word' id='word_1_274' title='bbox 735 2534 904 2569; x_wconf 75' lang='lat' dir='ltr'>exierunt</span> 
     </span>
    </p>
   </div>
   <div class='ocr_carea' id='block_1_3' title="bbox 977 293 1760 2580">
    <p class='ocr_par' dir='ltr' id='par_1_3' title="bbox 977 293 1760 2580">
     <span class='ocr_line' id='line_1_51' title="bbox 995 293 1760 337; baseline 0.008 -9"><span class='ocrx_word' id='word_1_275' title='bbox 995 295 1191 337; x_wconf 79' lang='lat' dir='ltr'>mundum,</span> <span class='ocrx_word' id='word_1_276' title='bbox 1228 293 1412 330; x_wconf 86' lang='lat' dir='ltr'>habentes</span> <span class='ocrx_word' id='word_1_277' title='bbox 1451 305 1513 330; x_wconf 87' lang='lat' dir='ltr'>cor</span> <span class='ocrx_word' id='word_1_278' title='bbox 1548 295 1670 332; x_wconf 86' lang='lat' dir='ltr'>adhuc</span> <span class='ocrx_word' id='word_1_279' title='bbox 1713 299 1760 334; x_wconf 85' lang='lat' dir='ltr'>ad</span> 
     </span>
     <span class='ocr_line' id='line_1_52' title="bbox 992 340 1759 386; baseline 0.007 -11"><span class='ocrx_word' id='word_1_280' title='bbox 992 340 1141 386; x_wconf 88' lang='lat' dir='ltr'>negotia</span> <span class='ocrx_word' id='word_1_281' title='bbox 1173 341 1315 385; x_wconf 88' lang='lat' dir='ltr'>mundi,</span> <span class='ocrx_word' id='word_1_282' title='bbox 1349 351 1423 376; x_wconf 91' lang='lat' dir='ltr'>non</span> <span class='ocrx_word' id='word_1_283' title='bbox 1450 342 1589 377; x_wconf 83' lang='lat' dir='ltr'>habent</span> <span class='ocrx_word' id='word_1_284' title='bbox 1609 353 1759 381; x_wconf 90' lang='lat' dir='ltr'>sensum</span> 
     </span>
     <span class='ocr_line' id='line_1_53' title="bbox 990 387 1756 436; baseline 0.008 -15"><span class='ocrx_word' id='word_1_285' title='bbox 990 388 1049 422; x_wconf 87' lang='lat' dir='ltr'>vel</span> <span class='ocrx_word' id='word_1_286' title='bbox 1098 392 1241 424; x_wconf 85' lang='lat' dir='ltr'>motum</span> <span class='ocrx_word' id='word_1_287' title='bbox 1290 387 1446 434; x_wconf 83' lang='lat' dir='ltr'>alicujus</span> <span class='ocrx_word' id='word_1_288' title='bbox 1489 390 1576 424; x_wconf 85' lang='lat' dir='ltr'>boni</span> <span class='ocrx_word' id='word_1_289' title='bbox 1620 392 1756 436; x_wconf 89' lang='lat' dir='ltr'>operis.</span> 
     </span>
     <span class='ocr_line' id='line_1_54' title="bbox 991 434 1757 481; baseline 0.007 -13"><span class='ocrx_word' id='word_1_290' title='bbox 991 435 1083 469; x_wconf 92' lang='lat' dir='ltr'>Item</span> <span class='ocrx_word' id='word_1_291' title='bbox 1105 438 1206 471; x_wconf 89' lang='lat' dir='ltr'>terra</span> <span class='ocrx_word' id='word_1_292' title='bbox 1235 434 1299 469; x_wconf 90' lang='lat' dir='ltr'>ubi</span> <span class='ocrx_word' id='word_1_293' title='bbox 1329 435 1381 470; x_wconf 87' lang='lat' dir='ltr'>sal</span> <span class='ocrx_word' id='word_1_294' title='bbox 1401 436 1621 481; x_wconf 86' lang='lat' dir='ltr'>seminatur,</span> <span class='ocrx_word' id='word_1_295' title='bbox 1643 437 1757 473; x_wconf 83' lang='lat' dir='ltr'>effici-</span> 
     </span>
     <span class='ocr_line' id='line_1_55' title="bbox 988 482 1760 525; baseline 0.005 -9"><span class='ocrx_word' id='word_1_296' title='bbox 988 485 1051 516; x_wconf 92' lang='lat' dir='ltr'>tur</span> <span class='ocrx_word' id='word_1_297' title='bbox 1068 482 1204 517; x_wconf 90' lang='lat' dir='ltr'>sterilis</span> <span class='ocrx_word' id='word_1_298' title='bbox 1223 493 1231 525; x_wconf 88' lang='grc'>;</span> <span class='ocrx_word' id='word_1_299' title='bbox 1252 482 1303 516; x_wconf 86' lang='lat' dir='ltr'>sic</span> <span class='ocrx_word' id='word_1_300' title='bbox 1330 482 1421 517; x_wconf 89' lang='lat' dir='ltr'>tales</span> <span class='ocrx_word' id='word_1_301' title='bbox 1451 483 1612 518; x_wconf 90' lang='lat' dir='ltr'>reddunt</span> <span class='ocrx_word' id='word_1_302' title='bbox 1646 485 1760 520; x_wconf 87' lang='lat' dir='ltr'>socie-</span> 
     </span>
     <span class='ocr_line' id='line_1_56' title="bbox 988 530 1758 574; baseline 0.005 -11"><span class='ocrx_word' id='word_1_303' title='bbox 988 532 1119 573; x_wconf 82' lang='lat' dir='ltr'>tatem,</span> <span class='ocrx_word' id='word_1_304' title='bbox 1152 530 1189 564; x_wconf 91' lang='lat' dir='ltr'>in</span> <span class='ocrx_word' id='word_1_305' title='bbox 1219 539 1291 574; x_wconf 88' lang='lat' dir='ltr'>qua</span> <span class='ocrx_word' id='word_1_306' title='bbox 1320 533 1418 570; x_wconf 89' lang='lat' dir='ltr'>sunt,</span> <span class='ocrx_word' id='word_1_307' title='bbox 1455 530 1634 567; x_wconf 88' lang='lat' dir='ltr'>sterilem.</span> <span class='ocrx_word' id='word_1_308' title='bbox 1666 533 1758 567; x_wconf 91' lang='lat' dir='ltr'>Item</span> 
     </span>
     <span class='ocr_line' id='line_1_57' title="bbox 987 575 1760 623; baseline 0.005 -13"><span class='ocrx_word' id='word_1_309' title='bbox 987 575 1040 610; x_wconf 90' lang='lat' dir='ltr'>sal</span> <span class='ocrx_word' id='word_1_310' title='bbox 1061 576 1203 620; x_wconf 72' lang='lat' dir='ltr'>praebet</span> <span class='ocrx_word' id='word_1_311' title='bbox 1225 586 1395 621; x_wconf 89' lang='lat' dir='ltr'>saporem</span> <span class='ocrx_word' id='word_1_312' title='bbox 1422 576 1514 616; x_wconf 84' lang='lat' dir='ltr'>aliis,</span> <span class='ocrx_word' id='word_1_313' title='bbox 1543 580 1667 613; x_wconf 89' lang='lat' dir='ltr'>tamen</span> <span class='ocrx_word' id='word_1_314' title='bbox 1693 588 1760 623; x_wconf 88' lang='lat' dir='ltr'>per</span> 
     </span>
     <span class='ocr_line' id='line_1_58' title="bbox 987 622 1759 668; baseline 0.004 -12"><span class='ocrx_word' id='word_1_315' title='bbox 987 624 1311 668; x_wconf 86' lang='lat' dir='ltr'>consumptionem</span> <span class='ocrx_word' id='word_1_316' title='bbox 1331 623 1386 657; x_wconf 93' lang='lat' dir='ltr'>sui</span> <span class='ocrx_word' id='word_1_317' title='bbox 1407 634 1414 666; x_wconf 93' lang='lat'>;</span> <span class='ocrx_word' id='word_1_318' title='bbox 1439 622 1491 657; x_wconf 88' lang='lat' dir='ltr'>sic</span> <span class='ocrx_word' id='word_1_319' title='bbox 1518 624 1609 658; x_wconf 87' lang='lat' dir='ltr'>tales</span> <span class='ocrx_word' id='word_1_320' title='bbox 1630 635 1759 659; x_wconf 86' lang='lat' dir='ltr'>consu-</span> 
     </span>
     <span class='ocr_line' id='line_1_59' title="bbox 986 669 1760 716; baseline 0.004 -13"><span class='ocrx_word' id='word_1_321' title='bbox 986 673 1139 704; x_wconf 90' lang='lat' dir='ltr'>muntur</span> <span class='ocrx_word' id='word_1_322' title='bbox 1176 670 1211 704; x_wconf 90' lang='lat' dir='ltr'>in</span> <span class='ocrx_word' id='word_1_323' title='bbox 1249 669 1431 715; x_wconf 81' lang='lat' dir='ltr'>religione</span> <span class='ocrx_word' id='word_1_324' title='bbox 1477 670 1556 704; x_wconf 90' lang='lat' dir='ltr'>sine</span> <span class='ocrx_word' id='word_1_325' title='bbox 1608 671 1760 716; x_wconf 85' lang='lat' dir='ltr'>propria</span> 
     </span>
     <span class='ocr_line' id='line_1_60' title="bbox 986 716 1758 762; baseline 0.004 -12"><span class='ocrx_word' id='word_1_326' title='bbox 986 716 1159 762; x_wconf 88' lang='lat' dir='ltr'>utilitate,</span> <span class='ocrx_word' id='word_1_327' title='bbox 1183 720 1219 752; x_wconf 91' lang='lat' dir='ltr'>et</span> <span class='ocrx_word' id='word_1_328' title='bbox 1238 716 1327 751; x_wconf 91' lang='lat' dir='ltr'>dant</span> <span class='ocrx_word' id='word_1_329' title='bbox 1346 716 1426 751; x_wconf 87' lang='lat' dir='ltr'>aliis</span> <span class='ocrx_word' id='word_1_330' title='bbox 1445 716 1653 761; x_wconf 80' lang='lat' dir='ltr'>exemplum</span> <span class='ocrx_word' id='word_1_331' title='bbox 1673 728 1758 753; x_wconf 89' lang='lat' dir='ltr'>con-</span> 
     </span>
     <span class='ocr_line' id='line_1_61' title="bbox 982 763 1757 807; baseline 0.004 -10"><span class='ocrx_word' id='word_1_332' title='bbox 982 763 1214 798; x_wconf 85' lang='lat' dir='ltr'>servationis.</span> <span class='ocrx_word' id='word_1_333' title='bbox 1240 764 1449 798; x_wconf 87' lang='lat' dir='ltr'>Secundum</span> <span class='ocrx_word' id='word_1_334' title='bbox 1470 763 1616 807; x_wconf 67' lang='lat' dir='ltr'>Rectam,</span> <span class='ocrx_word' id='word_1_335' title='bbox 1645 764 1757 800; x_wconf 83' lang='lat' dir='ltr'>etiam</span> 
     </span>
     <span class='ocr_line' id='line_1_62' title="bbox 983 810 1757 856; baseline 0.003 -12"><span class='ocrx_word' id='word_1_336' title='bbox 983 819 1134 844; x_wconf 86' lang='lat' dir='ltr'>manum</span> <span class='ocrx_word' id='word_1_337' title='bbox 1156 810 1203 845; x_wconf 91' lang='lat' dir='ltr'>ad</span> <span class='ocrx_word' id='word_1_338' title='bbox 1230 814 1395 845; x_wconf 84' lang='lat' dir='ltr'>aratrum</span> <span class='ocrx_word' id='word_1_339' title='bbox 1416 810 1542 854; x_wconf 89' lang='lat' dir='ltr'>mittit,</span> <span class='ocrx_word' id='word_1_340' title='bbox 1567 811 1630 855; x_wconf 91' lang='lat' dir='ltr'>qui</span> <span class='ocrx_word' id='word_1_341' title='bbox 1651 811 1757 856; x_wconf 89' lang='lat' dir='ltr'>quasi</span> 
     </span>
     <span class='ocr_line' id='line_1_63' title="bbox 983 856 1755 902; baseline 0.004 -12"><span class='ocrx_word' id='word_1_342' title='bbox 983 856 1144 900; x_wconf 89' lang='lat' dir='ltr'>quodam</span> <span class='ocrx_word' id='word_1_343' title='bbox 1172 857 1419 892; x_wconf 88' lang='lat' dir='ltr'>instrumento</span> <span class='ocrx_word' id='word_1_344' title='bbox 1444 858 1755 902; x_wconf 88' lang='lat' dir='ltr'>compunctionis,</span> 
     </span>
     <span class='ocr_line' id='line_1_64' title="bbox 981 902 1755 948; baseline 0.005 -12"><span class='ocrx_word' id='word_1_345' title='bbox 981 902 1123 938; x_wconf 87' lang='lat' dir='ltr'>scilicet</span> <span class='ocrx_word' id='word_1_346' title='bbox 1142 903 1244 948; x_wconf 88' lang='lat' dir='ltr'>ligno</span> <span class='ocrx_word' id='word_1_347' title='bbox 1266 907 1302 938; x_wconf 87' lang='lat' dir='ltr'>et</span> <span class='ocrx_word' id='word_1_348' title='bbox 1316 903 1414 938; x_wconf 86' lang='lat' dir='ltr'>ferro</span> <span class='ocrx_word' id='word_1_349' title='bbox 1442 904 1646 939; x_wconf 85' lang='lat' dir='ltr'>Dominicae</span> <span class='ocrx_word' id='word_1_350' title='bbox 1667 905 1755 940; x_wconf 90' lang='lat' dir='ltr'>Pas-</span> 
     </span>
     <span class='ocr_line' id='line_1_65' title="bbox 981 949 1757 991; baseline 0.004 -8"><span class='ocrx_word' id='word_1_351' title='bbox 981 949 1112 991; x_wconf 80' lang='lat' dir='ltr'>sionis,</span> <span class='ocrx_word' id='word_1_352' title='bbox 1134 950 1309 984; x_wconf 88' lang='lat' dir='ltr'>duritiam</span> <span class='ocrx_word' id='word_1_353' title='bbox 1332 950 1454 985; x_wconf 92' lang='lat' dir='ltr'>cordis</span> <span class='ocrx_word' id='word_1_354' title='bbox 1476 950 1532 984; x_wconf 91' lang='lat' dir='ltr'>sui</span> <span class='ocrx_word' id='word_1_355' title='bbox 1559 951 1701 986; x_wconf 90' lang='lat' dir='ltr'>emollit</span> <span class='ocrx_word' id='word_1_356' title='bbox 1721 955 1757 986; x_wconf 91' lang='lat' dir='ltr'>et</span> 
     </span>
     <span class='ocr_line' id='line_1_66' title="bbox 981 996 1755 1043; baseline 0.004 -13"><span class='ocrx_word' id='word_1_357' title='bbox 981 996 1114 1030; x_wconf 88' lang='lat' dir='ltr'>evertit</span> <span class='ocrx_word' id='word_1_358' title='bbox 1150 996 1196 1031; x_wconf 89' lang='lat' dir='ltr'>ad</span> <span class='ocrx_word' id='word_1_359' title='bbox 1234 997 1516 1040; x_wconf 80' lang='lat' dir='ltr'>poenitentiam3</span> <span class='ocrx_word' id='word_1_360' title='bbox 1552 998 1677 1043; x_wconf 89' lang='lat' dir='ltr'>sicque</span> <span class='ocrx_word' id='word_1_361' title='bbox 1708 998 1755 1033; x_wconf 85' lang='lat' dir='ltr'>ad</span> 
     </span>
     <span class='ocr_line' id='line_1_67' title="bbox 981 1041 1754 1080; baseline 0.005 -4"><span class='ocrx_word' id='word_1_362' title='bbox 981 1042 1099 1076; x_wconf 89' lang='lat' dir='ltr'>bonos</span> <span class='ocrx_word' id='word_1_363' title='bbox 1129 1041 1270 1077; x_wconf 85' lang='lat' dir='ltr'>fructus</span> <span class='ocrx_word' id='word_1_364' title='bbox 1299 1042 1471 1078; x_wconf 84' lang='lat' dir='ltr'>ferendos</span> <span class='ocrx_word' id='word_1_365' title='bbox 1500 1047 1639 1079; x_wconf 89' lang='lat' dir='ltr'>terram</span> <span class='ocrx_word' id='word_1_366' title='bbox 1672 1055 1754 1080; x_wconf 90' lang='lat' dir='ltr'>cor-</span> 
     </span>
     <span class='ocr_line' id='line_1_68' title="bbox 981 1088 1754 1134; baseline 0.005 -12"><span class='ocrx_word' id='word_1_367' title='bbox 981 1088 1036 1122; x_wconf 91' lang='lat' dir='ltr'>dis</span> <span class='ocrx_word' id='word_1_368' title='bbox 1063 1099 1212 1124; x_wconf 88' lang='lat' dir='ltr'>vomere</span> <span class='ocrx_word' id='word_1_369' title='bbox 1239 1088 1466 1134; x_wconf 79' lang='lat' dir='ltr'>poenitentiae</span> <span class='ocrx_word' id='word_1_370' title='bbox 1493 1090 1626 1134; x_wconf 86' lang='lat' dir='ltr'>aperit,</span> <span class='ocrx_word' id='word_1_371' title='bbox 1648 1101 1754 1126; x_wconf 89' lang='lat' dir='ltr'>reco—</span> 
     </span>
     <span class='ocr_line' id='line_1_69' title="bbox 979 1134 1753 1182; baseline 0.006 -13"><span class='ocrx_word' id='word_1_372' title='bbox 979 1134 1059 1170; x_wconf 92' lang='lat' dir='ltr'>lens</span> <span class='ocrx_word' id='word_1_373' title='bbox 1091 1136 1323 1171; x_wconf 90' lang='lat' dir='ltr'>Dominicam</span> <span class='ocrx_word' id='word_1_374' title='bbox 1359 1136 1582 1173; x_wconf 81' lang='lat' dir='ltr'>Passionem.</span> <span class='ocrx_word' id='word_1_375' title='bbox 1614 1137 1696 1182; x_wconf 85' lang='lat' dir='ltr'>Qui,</span> <span class='ocrx_word' id='word_1_376' title='bbox 1723 1138 1753 1174; x_wconf 88' lang='lat' dir='ltr'>si</span> 
     </span>
     <span class='ocr_line' id='line_1_70' title="bbox 979 1182 1754 1228; baseline 0.006 -13"><span class='ocrx_word' id='word_1_377' title='bbox 979 1182 1025 1216; x_wconf 83' lang='lat' dir='ltr'>ad</span> <span class='ocrx_word' id='word_1_378' title='bbox 1060 1182 1191 1216; x_wconf 85' lang='lat' dir='ltr'>relicta</span> <span class='ocrx_word' id='word_1_379' title='bbox 1216 1182 1305 1216; x_wconf 84' lang='lat' dir='ltr'>vitia</span> <span class='ocrx_word' id='word_1_380' title='bbox 1337 1182 1520 1217; x_wconf 87' lang='lat' dir='ltr'>desiderio</span> <span class='ocrx_word' id='word_1_381' title='bbox 1547 1183 1703 1228; x_wconf 89' lang='lat' dir='ltr'>rapitur,</span> <span class='ocrx_word' id='word_1_382' title='bbox 1732 1196 1754 1220; x_wconf 87' lang='lat' dir='ltr'>a</span> 
     </span>
     <span class='ocr_line' id='line_1_71' title="bbox 979 1228 1750 1272; baseline 0.006 -10"><span class='ocrx_word' id='word_1_383' title='bbox 979 1238 1094 1272; x_wconf 84' lang='lat' dir='ltr'>regno</span> <span class='ocrx_word' id='word_1_384' title='bbox 1115 1228 1180 1263; x_wconf 91' lang='lat' dir='ltr'>Dei</span> <span class='ocrx_word' id='word_1_385' title='bbox 1200 1239 1282 1263; x_wconf 89' lang='lat' dir='ltr'>cum</span> <span class='ocrx_word' id='word_1_386' title='bbox 1297 1239 1409 1264; x_wconf 83' lang='lat' dir='ltr'>uxore</span> <span class='ocrx_word' id='word_1_387' title='bbox 1426 1228 1515 1263; x_wconf 89' lang='lat' dir='ltr'>Loth</span> <span class='ocrx_word' id='word_1_388' title='bbox 1529 1231 1750 1267; x_wconf 83' lang='lat' dir='ltr'>excluditur.</span> 
     </span>
     <span class='ocr_line' id='line_1_72' title="bbox 981 1274 1750 1319; baseline 0.007 -11"><span class='ocrx_word' id='word_1_389' title='bbox 981 1275 1105 1309; x_wconf 82' lang='lat' dir='ltr'>Sancti</span> <span class='ocrx_word' id='word_1_390' title='bbox 1132 1274 1231 1310; x_wconf 91' lang='lat' dir='ltr'>enim</span> <span class='ocrx_word' id='word_1_391' title='bbox 1259 1277 1505 1319; x_wconf 87' lang='lat' dir='ltr'>posteriorum</span> <span class='ocrx_word' id='word_1_392' title='bbox 1528 1276 1633 1311; x_wconf 85' lang='lat' dir='ltr'>obliti</span> <span class='ocrx_word' id='word_1_393' title='bbox 1653 1288 1750 1313; x_wconf 91' lang='lat' dir='ltr'>sem-</span> 
     </span>
     <span class='ocr_line' id='line_1_73' title="bbox 980 1322 1753 1369; baseline 0.006 -14"><span class='ocrx_word' id='word_1_394' title='bbox 980 1331 1045 1365; x_wconf 91' lang='lat' dir='ltr'>per</span> <span class='ocrx_word' id='word_1_395' title='bbox 1070 1322 1107 1356; x_wconf 90' lang='lat' dir='ltr'>in</span> <span class='ocrx_word' id='word_1_396' title='bbox 1133 1322 1323 1357; x_wconf 82' lang='lat' dir='ltr'>anteriora</span> <span class='ocrx_word' id='word_1_397' title='bbox 1343 1332 1381 1357; x_wconf 89' lang='lat' dir='ltr'>se</span> <span class='ocrx_word' id='word_1_398' title='bbox 1409 1323 1627 1367; x_wconf 82' lang='lat' dir='ltr'>extendunt,</span> <span class='ocrx_word' id='word_1_399' title='bbox 1647 1324 1753 1369; x_wconf 79' lang='lat' dir='ltr'>J&#39;uges</span> 
     </span>
     <span class='ocr_line' id='line_1_74' title="bbox 978 1367 1752 1415; baseline 0.005 -13"><span class='ocrx_word' id='word_1_400' title='bbox 978 1378 1076 1407; x_wconf 90' lang='lat' dir='ltr'>suos,</span> <span class='ocrx_word' id='word_1_401' title='bbox 1104 1367 1141 1402; x_wconf 89' lang='lat' dir='ltr'>id</span> <span class='ocrx_word' id='word_1_402' title='bbox 1161 1372 1215 1403; x_wconf 90' lang='lat' dir='ltr'>cst</span> <span class='ocrx_word' id='word_1_403' title='bbox 1234 1379 1365 1413; x_wconf 90' lang='lat' dir='ltr'>corpus</span> <span class='ocrx_word' id='word_1_404' title='bbox 1385 1373 1421 1403; x_wconf 89' lang='lat' dir='ltr'>et</span> <span class='ocrx_word' id='word_1_405' title='bbox 1443 1370 1622 1415; x_wconf 84' lang='lat' dir='ltr'>animam,</span> <span class='ocrx_word' id='word_1_406' title='bbox 1644 1372 1752 1415; x_wconf 81' lang='lat' dir='ltr'>quasi</span> 
     </span>
     <span class='ocr_line' id='line_1_75' title="bbox 979 1414 1751 1463; baseline 0.005 -14"><span class='ocrx_word' id='word_1_407' title='bbox 979 1414 1190 1460; x_wconf 85' lang='lat' dir='ltr'>bovcsjugo</span> <span class='ocrx_word' id='word_1_408' title='bbox 1204 1415 1268 1450; x_wconf 90' lang='lat' dir='ltr'>Dei</span> <span class='ocrx_word' id='word_1_409' title='bbox 1282 1416 1513 1461; x_wconf 84' lang='lat' dir='ltr'>conjunctos,</span> <span class='ocrx_word' id='word_1_410' title='bbox 1529 1427 1549 1451; x_wconf 87' lang='lat' dir='ltr'>a</span> <span class='ocrx_word' id='word_1_411' title='bbox 1563 1417 1653 1462; x_wconf 86' lang='lat' dir='ltr'>jugo</span> <span class='ocrx_word' id='word_1_412' title='bbox 1672 1417 1751 1463; x_wconf 91' lang='lat' dir='ltr'>ejus</span> 
     </span>
     <span class='ocr_line' id='line_1_76' title="bbox 979 1462 1751 1507; baseline 0.006 -12"><span class='ocrx_word' id='word_1_413' title='bbox 979 1471 1051 1495; x_wconf 91' lang='lat' dir='ltr'>non</span> <span class='ocrx_word' id='word_1_414' title='bbox 1069 1462 1290 1505; x_wconf 82' lang='lat' dir='ltr'>relaxantes,</span> <span class='ocrx_word' id='word_1_415' title='bbox 1310 1463 1373 1497; x_wconf 90' lang='lat' dir='ltr'>sed</span> <span class='ocrx_word' id='word_1_416' title='bbox 1392 1472 1539 1507; x_wconf 88' lang='lat' dir='ltr'>semper</span> <span class='ocrx_word' id='word_1_417' title='bbox 1555 1464 1648 1499; x_wconf 84' lang='lat' dir='ltr'>colla</span> <span class='ocrx_word' id='word_1_418' title='bbox 1668 1465 1751 1500; x_wconf 89' lang='lat' dir='ltr'>sub-</span> 
     </span>
     <span class='ocr_line' id='line_1_77' title="bbox 979 1508 1751 1554; baseline 0.006 -12"><span class='ocrx_word' id='word_1_419' title='bbox 979 1508 1122 1546; x_wconf 87' lang='lat' dir='ltr'>dentes,</span> <span class='ocrx_word' id='word_1_420' title='bbox 1146 1512 1185 1542; x_wconf 89' lang='lat' dir='ltr'>ut</span> <span class='ocrx_word' id='word_1_421' title='bbox 1211 1508 1371 1543; x_wconf 84' lang='lat' dir='ltr'>fructum</span> <span class='ocrx_word' id='word_1_422' title='bbox 1400 1509 1481 1554; x_wconf 90' lang='lat' dir='ltr'>plus</span> <span class='ocrx_word' id='word_1_423' title='bbox 1507 1510 1677 1546; x_wconf 81' lang='lat' dir='ltr'>afferant..</span> <span class='ocrx_word' id='word_1_424' title='bbox 1707 1512 1751 1546; x_wconf 92' lang='lat' dir='ltr'>Et</span> 
     </span>
     <span class='ocr_line' id='line_1_78' title="bbox 978 1553 1749 1603; baseline 0.008 -15"><span class='ocrx_word' id='word_1_425' title='bbox 978 1553 1170 1589; x_wconf 84' lang='lat' dir='ltr'>sciendum</span> <span class='ocrx_word' id='word_1_426' title='bbox 1196 1555 1293 1599; x_wconf 90' lang='lat' dir='ltr'>quod</span> <span class='ocrx_word' id='word_1_427' title='bbox 1315 1556 1482 1600; x_wconf 85' lang='lat' dir='ltr'>quamvis</span> <span class='ocrx_word' id='word_1_428' title='bbox 1508 1557 1664 1602; x_wconf 85' lang='lat' dir='ltr'>sepelire</span> <span class='ocrx_word' id='word_1_429' title='bbox 1686 1568 1749 1603; x_wconf 87' lang='lat' dir='ltr'>pa—</span> 
     </span>
     <span class='ocr_line' id='line_1_79' title="bbox 978 1603 1748 1645; baseline 0.008 -11"><span class='ocrx_word' id='word_1_430' title='bbox 978 1603 1088 1645; x_wconf 88' lang='lat' dir='ltr'>trem,</span> <span class='ocrx_word' id='word_1_431' title='bbox 1120 1604 1156 1635; x_wconf 87' lang='lat' dir='ltr'>et</span> <span class='ocrx_word' id='word_1_432' title='bbox 1187 1604 1404 1637; x_wconf 84' lang='lat' dir='ltr'>renuntiare</span> <span class='ocrx_word' id='word_1_433' title='bbox 1435 1603 1539 1637; x_wconf 89' lang='lat' dir='ltr'>bonis</span> <span class='ocrx_word' id='word_1_434' title='bbox 1571 1603 1628 1638; x_wconf 94' lang='lat' dir='ltr'>vel</span> <span class='ocrx_word' id='word_1_435' title='bbox 1654 1605 1748 1640; x_wconf 85' lang='lat' dir='ltr'>ami-</span> 
     </span>
     <span class='ocr_line' id='line_1_80' title="bbox 979 1646 1750 1693; baseline 0.009 -12"><span class='ocrx_word' id='word_1_436' title='bbox 979 1646 1041 1691; x_wconf 81' lang='lat' dir='ltr'>cis,</span> <span class='ocrx_word' id='word_1_437' title='bbox 1065 1657 1131 1691; x_wconf 87' lang='lat' dir='ltr'>per</span> <span class='ocrx_word' id='word_1_438' title='bbox 1148 1658 1186 1682; x_wconf 89' lang='lat' dir='ltr'>se</span> <span class='ocrx_word' id='word_1_439' title='bbox 1203 1658 1277 1683; x_wconf 90' lang='lat' dir='ltr'>non</span> <span class='ocrx_word' id='word_1_440' title='bbox 1299 1648 1504 1693; x_wconf 80' lang='lat' dir='ltr'>impediant</span> <span class='ocrx_word' id='word_1_441' title='bbox 1522 1651 1712 1687; x_wconf 87' lang='lat' dir='ltr'>hominem</span> <span class='ocrx_word' id='word_1_442' title='bbox 1727 1661 1750 1688; x_wconf 82' lang='lat' dir='ltr'>a</span> 
     </span>
     <span class='ocr_line' id='line_1_81' title="bbox 979 1693 1749 1741; baseline 0.008 -14"><span class='ocrx_word' id='word_1_443' title='bbox 979 1693 1209 1738; x_wconf 81' lang='lat' dir='ltr'>perfectione</span> <span class='ocrx_word' id='word_1_444' title='bbox 1241 1699 1277 1729; x_wconf 89' lang='lat' dir='ltr'>et</span> <span class='ocrx_word' id='word_1_445' title='bbox 1304 1706 1418 1740; x_wconf 85' lang='lat' dir='ltr'>regno</span> <span class='ocrx_word' id='word_1_446' title='bbox 1443 1696 1531 1740; x_wconf 86' lang='lat' dir='ltr'>Dei;</span> <span class='ocrx_word' id='word_1_447' title='bbox 1562 1707 1627 1741; x_wconf 91' lang='lat' dir='ltr'>per</span> <span class='ocrx_word' id='word_1_448' title='bbox 1649 1698 1749 1733; x_wconf 89' lang='lat' dir='ltr'>acci-</span> 
     </span>
     <span class='ocr_line' id='line_1_82' title="bbox 979 1740 1747 1790; baseline 0.007 -15"><span class='ocrx_word' id='word_1_449' title='bbox 979 1740 1071 1775; x_wconf 85' lang='lat' dir='ltr'>dens</span> <span class='ocrx_word' id='word_1_450' title='bbox 1091 1744 1218 1776; x_wconf 86' lang='lat' dir='ltr'>tamen</span> <span class='ocrx_word' id='word_1_451' title='bbox 1241 1746 1277 1776; x_wconf 92' lang='lat' dir='ltr'>et</span> <span class='ocrx_word' id='word_1_452' title='bbox 1302 1746 1453 1787; x_wconf 88' lang='lat' dir='ltr'>propter</span> <span class='ocrx_word' id='word_1_453' title='bbox 1473 1743 1598 1787; x_wconf 81' lang='lat' dir='ltr'>aliqua</span> <span class='ocrx_word' id='word_1_454' title='bbox 1617 1754 1747 1790; x_wconf 89' lang='lat' dir='ltr'>super-</span> 
     </span>
     <span class='ocr_line' id='line_1_83' title="bbox 977 1787 1747 1833; baseline 0.006 -12"><span class='ocrx_word' id='word_1_455' title='bbox 977 1788 1165 1822; x_wconf 83' lang='lat' dir='ltr'>venientia</span> <span class='ocrx_word' id='word_1_456' title='bbox 1197 1787 1368 1823; x_wconf 88' lang='lat' dir='ltr'>imminet</span> <span class='ocrx_word' id='word_1_457' title='bbox 1392 1789 1596 1833; x_wconf 89' lang='lat' dir='ltr'>periculum</span> <span class='ocrx_word' id='word_1_458' title='bbox 1626 1796 1747 1826; x_wconf 86' lang='lat' dir='ltr'>retro-</span> 
     </span>
     <span class='ocr_line' id='line_1_84' title="bbox 978 1834 1749 1880; baseline 0.006 -12"><span class='ocrx_word' id='word_1_459' title='bbox 978 1834 1135 1868; x_wconf 88' lang='lat' dir='ltr'>cedendi</span> <span class='ocrx_word' id='word_1_460' title='bbox 1161 1845 1183 1869; x_wconf 84' lang='lat' dir='ltr'>a</span> <span class='ocrx_word' id='word_1_461' title='bbox 1214 1835 1272 1869; x_wconf 84' lang='lat' dir='ltr'>via</span> <span class='ocrx_word' id='word_1_462' title='bbox 1300 1835 1378 1878; x_wconf 89' lang='lat' dir='ltr'>Dei,</span> <span class='ocrx_word' id='word_1_463' title='bbox 1401 1836 1488 1880; x_wconf 88' lang='lat' dir='ltr'>quia</span> <span class='ocrx_word' id='word_1_464' title='bbox 1510 1837 1596 1871; x_wconf 89' lang='lat' dir='ltr'>dum</span> <span class='ocrx_word' id='word_1_465' title='bbox 1624 1837 1749 1874; x_wconf 82' lang='lat' dir='ltr'>differt</span> 
     </span>
     <span class='ocr_line' id='line_1_85' title="bbox 979 1881 1746 1928; baseline 0.007 -14"><span class='ocrx_word' id='word_1_466' title='bbox 979 1881 1132 1924; x_wconf 89' lang='lat' dir='ltr'>implere</span> <span class='ocrx_word' id='word_1_467' title='bbox 1174 1882 1417 1927; x_wconf 82' lang='lat' dir='ltr'>propositum,</span> <span class='ocrx_word' id='word_1_468' title='bbox 1463 1887 1584 1928; x_wconf 87' lang='lat' dir='ltr'>potest</span> <span class='ocrx_word' id='word_1_469' title='bbox 1630 1883 1746 1919; x_wconf 86' lang='lat' dir='ltr'>facili-</span> 
     </span>
     <span class='ocr_line' id='line_1_86' title="bbox 980 1928 1749 1975; baseline 0.007 -14"><span class='ocrx_word' id='word_1_470' title='bbox 980 1931 1034 1962; x_wconf 86' lang='lat' dir='ltr'>ter</span> <span class='ocrx_word' id='word_1_471' title='bbox 1061 1928 1247 1962; x_wconf 82' lang='lat' dir='ltr'>immutari</span> <span class='ocrx_word' id='word_1_472' title='bbox 1283 1928 1328 1963; x_wconf 87' lang='lat' dir='ltr'>ab</span> <span class='ocrx_word' id='word_1_473' title='bbox 1360 1938 1402 1963; x_wconf 90' lang='lat' dir='ltr'>eo</span> <span class='ocrx_word' id='word_1_474' title='bbox 1431 1930 1528 1973; x_wconf 87' lang='lat' dir='ltr'>quod</span> <span class='ocrx_word' id='word_1_475' title='bbox 1556 1931 1749 1975; x_wconf 87' lang='lat' dir='ltr'>proposuit</span> 
     </span>
     <span class='ocr_line' id='line_1_87' title="bbox 979 1975 1748 2020; baseline 0.008 -13"><span class='ocrx_word' id='word_1_476' title='bbox 979 1979 1130 2017; x_wconf 84' lang='lat' dir='ltr'>propter</span> <span class='ocrx_word' id='word_1_477' title='bbox 1163 1975 1349 2009; x_wconf 85' lang='lat' dir='ltr'>intuitum·</span> <span class='ocrx_word' id='word_1_478' title='bbox 1369 1984 1497 2010; x_wconf 88' lang='lat' dir='ltr'>earum</span> <span class='ocrx_word' id='word_1_479' title='bbox 1524 1986 1606 2020; x_wconf 87' lang='lat' dir='ltr'>quae</span> <span class='ocrx_word' id='word_1_480' title='bbox 1641 1977 1748 2014; x_wconf 86' lang='lat' dir='ltr'>dimi-</span> 
     </span>
     <span class='ocr_line' id='line_1_88' title="bbox 978 2019 1750 2069; baseline 0.008 -15"><span class='ocrx_word' id='word_1_481' title='bbox 978 2019 1038 2063; x_wconf 90' lang='lat' dir='ltr'>sit,</span> <span class='ocrx_word' id='word_1_482' title='bbox 1062 2020 1118 2055; x_wconf 88' lang='lat' dir='ltr'>vel</span> <span class='ocrx_word' id='word_1_483' title='bbox 1148 2022 1315 2056; x_wconf 87' lang='lat' dir='ltr'>revocari</span> <span class='ocrx_word' id='word_1_484' title='bbox 1338 2030 1359 2056; x_wconf 86' lang='lat' dir='ltr'>a</span> <span class='ocrx_word' id='word_1_485' title='bbox 1381 2022 1569 2066; x_wconf 85' lang='lat' dir='ltr'>proposito</span> <span class='ocrx_word' id='word_1_486' title='bbox 1597 2028 1750 2069; x_wconf 86' lang='lat' dir='ltr'>propter</span> 
     </span>
     <span class='ocr_line' id='line_1_89' title="bbox 979 2068 1750 2115; baseline 0.008 -15"><span class='ocrx_word' id='word_1_487' title='bbox 979 2077 1128 2102; x_wconf 85' lang='lat' dir='ltr'>suasum</span> <span class='ocrx_word' id='word_1_488' title='bbox 1155 2072 1366 2112; x_wconf 85' lang='lat' dir='ltr'>parentum,</span> <span class='ocrx_word' id='word_1_489' title='bbox 1390 2079 1453 2103; x_wconf 89' lang='lat' dir='ltr'>seu</span> <span class='ocrx_word' id='word_1_490' title='bbox 1478 2068 1637 2104; x_wconf 82' lang='lat' dir='ltr'>aliorum</span> <span class='ocrx_word' id='word_1_491' title='bbox 1658 2080 1750 2115; x_wconf 87' lang='lat' dir='ltr'>quos</span> 
     </span>
     <span class='ocr_line' id='line_1_90' title="bbox 979 2113 1748 2163; baseline 0.007 -16"><span class='ocrx_word' id='word_1_492' title='bbox 979 2113 1144 2159; x_wconf 87' lang='lat' dir='ltr'>reliquit.</span> <span class='ocrx_word' id='word_1_493' title='bbox 1179 2115 1223 2149; x_wconf 91' lang='lat' dir='ltr'>Ut</span> <span class='ocrx_word' id='word_1_494' title='bbox 1243 2117 1369 2149; x_wconf 88' lang='lat' dir='ltr'>autem</span> <span class='ocrx_word' id='word_1_495' title='bbox 1392 2115 1480 2149; x_wconf 87' lang='lat' dir='ltr'>dicit</span> <span class='ocrx_word' id='word_1_496' title='bbox 1504 2116 1748 2163; x_wconf 70' lang='lat' dir='ltr'>Auqustz&#39;nus,</span> 
     </span>
     <span class='ocr_line' id='line_1_91' title="bbox 978 2160 1750 2209; baseline 0.006 -15"><span class='ocrx_word' id='word_1_497' title='bbox 978 2160 1016 2194; x_wconf 91' lang='lat' dir='ltr'>in</span> <span class='ocrx_word' id='word_1_498' title='bbox 1036 2160 1106 2195; x_wconf 89' lang='lat' dir='ltr'>hoc</span> <span class='ocrx_word' id='word_1_499' title='bbox 1127 2161 1288 2205; x_wconf 83' lang='lat' dir='ltr'>capitulo</span> <span class='ocrx_word' id='word_1_500' title='bbox 1308 2165 1345 2196; x_wconf 88' lang='lat' dir='ltr'>et</span> <span class='ocrx_word' id='word_1_501' title='bbox 1365 2172 1432 2197; x_wconf 90' lang='lat' dir='ltr'>nos</span> <span class='ocrx_word' id='word_1_502' title='bbox 1455 2162 1642 2207; x_wconf 82' lang='lat' dir='ltr'>discimus,</span> <span class='ocrx_word' id='word_1_503' title='bbox 1663 2165 1750 2209; x_wconf 87' lang='lat' dir='ltr'>quia</span> 
     </span>
     <span class='ocr_line' id='line_1_92' title="bbox 979 2207 1749 2255; baseline 0.006 -15"><span class='ocrx_word' id='word_1_504' title='bbox 979 2216 1071 2251; x_wconf 89' lang='lat' dir='ltr'>quos</span> <span class='ocrx_word' id='word_1_505' title='bbox 1090 2207 1207 2242; x_wconf 91' lang='lat' dir='ltr'>voluit</span> <span class='ocrx_word' id='word_1_506' title='bbox 1230 2208 1422 2253; x_wconf 80' lang='lat' dir='ltr'>Dominus,</span> <span class='ocrx_word' id='word_1_507' title='bbox 1444 2208 1512 2243; x_wconf 92' lang='lat' dir='ltr'>hos</span> <span class='ocrx_word' id='word_1_508' title='bbox 1533 2210 1635 2255; x_wconf 81' lang='lat' dir='ltr'>eligit</span> <span class='ocrx_word' id='word_1_509' title='bbox 1655 2221 1663 2246; x_wconf 88' lang='lat'><strong>:</strong></span> <span class='ocrx_word' id='word_1_510' title='bbox 1686 2211 1749 2246; x_wconf 89' lang='lat' dir='ltr'>ob-</span> 
     </span>
     <span class='ocr_line' id='line_1_93' title="bbox 979 2253 1750 2300; baseline 0.006 -13"><span class='ocrx_word' id='word_1_511' title='bbox 979 2253 1063 2288; x_wconf 89' lang='lat' dir='ltr'>tulit</span> <span class='ocrx_word' id='word_1_512' title='bbox 1084 2264 1122 2288; x_wconf 91' lang='lat' dir='ltr'>se</span> <span class='ocrx_word' id='word_1_513' title='bbox 1146 2264 1240 2288; x_wconf 87' lang='lat' dir='ltr'>unus</span> <span class='ocrx_word' id='word_1_514' title='bbox 1269 2258 1309 2290; x_wconf 90' lang='lat' dir='ltr'>ut</span> <span class='ocrx_word' id='word_1_515' title='bbox 1338 2265 1421 2290; x_wconf 86' lang='lat' dir='ltr'>eum</span> <span class='ocrx_word' id='word_1_516' title='bbox 1452 2260 1684 2300; x_wconf 86' lang='lat' dir='ltr'>sequeretur,</span> <span class='ocrx_word' id='word_1_517' title='bbox 1713 2262 1750 2293; x_wconf 87' lang='lat' dir='ltr'>et</span> 
     </span>
     <span class='ocr_line' id='line_1_94' title="bbox 981 2300 1747 2348; baseline 0.007 -14"><span class='ocrx_word' id='word_1_518' title='bbox 981 2300 1198 2344; x_wconf 79' lang='lat' dir='ltr'>reprobatus</span> <span class='ocrx_word' id='word_1_519' title='bbox 1239 2304 1319 2346; x_wconf 87' lang='lat' dir='ltr'>est;</span> <span class='ocrx_word' id='word_1_520' title='bbox 1358 2302 1451 2337; x_wconf 85' lang='lat' dir='ltr'>alius</span> <span class='ocrx_word' id='word_1_521' title='bbox 1479 2313 1554 2337; x_wconf 88' lang='lat' dir='ltr'>non</span> <span class='ocrx_word' id='word_1_522' title='bbox 1574 2304 1747 2348; x_wconf 83' lang='lat' dir='ltr'>audebat,</span> 
     </span>
     <span class='ocr_line' id='line_1_95' title="bbox 979 2346 1751 2395; baseline 0.006 -15"><span class='ocrx_word' id='word_1_523' title='bbox 979 2346 1110 2381; x_wconf 86' lang='lat' dir='ltr'>citatus</span> <span class='ocrx_word' id='word_1_524' title='bbox 1132 2352 1186 2382; x_wconf 84' lang='lat' dir='ltr'>est</span> <span class='ocrx_word' id='word_1_525' title='bbox 1208 2358 1217 2391; x_wconf 87' lang='lat'>;</span> <span class='ocrx_word' id='word_1_526' title='bbox 1240 2349 1372 2383; x_wconf 87' lang='lat' dir='ltr'>tertius</span> <span class='ocrx_word' id='word_1_527' title='bbox 1397 2348 1607 2393; x_wconf 81' lang='lat' dir='ltr'>differebat,</span> <span class='ocrx_word' id='word_1_528' title='bbox 1630 2350 1751 2395; x_wconf 89' lang='lat' dir='ltr'>culpa-</span> 
     </span>
     <span class='ocr_line' id='line_1_96' title="bbox 978 2394 1750 2440; baseline 0.006 -13"><span class='ocrx_word' id='word_1_529' title='bbox 978 2396 1036 2427; x_wconf 91' lang='lat' dir='ltr'>tus</span> <span class='ocrx_word' id='word_1_530' title='bbox 1057 2397 1135 2429; x_wconf 89' lang='lat' dir='ltr'>est:</span> <span class='ocrx_word' id='word_1_531' title='bbox 1176 2404 1251 2428; x_wconf 90' lang='lat' dir='ltr'>non</span> <span class='ocrx_word' id='word_1_532' title='bbox 1271 2394 1320 2429; x_wconf 88' lang='lat' dir='ltr'>sis</span> <span class='ocrx_word' id='word_1_533' title='bbox 1346 2405 1434 2440; x_wconf 86' lang='lat' dir='ltr'>ergo</span> <span class='ocrx_word' id='word_1_534' title='bbox 1464 2396 1611 2431; x_wconf 88' lang='lat' dir='ltr'>dolosus</span> <span class='ocrx_word' id='word_1_535' title='bbox 1639 2400 1677 2431; x_wconf 89' lang='lat' dir='ltr'>et</span> <span class='ocrx_word' id='word_1_536' title='bbox 1693 2407 1750 2432; x_wconf 88' lang='lat' dir='ltr'>su-</span> 
     </span>
     <span class='ocr_line' id='line_1_97' title="bbox 980 2440 1747 2488; baseline 0.005 -14"><span class='ocrx_word' id='word_1_537' title='bbox 980 2440 1128 2484; x_wconf 85' lang='lat' dir='ltr'>perbus,</span> <span class='ocrx_word' id='word_1_538' title='bbox 1164 2451 1210 2475; x_wconf 91' lang='lat' dir='ltr'>ne</span> <span class='ocrx_word' id='word_1_539' title='bbox 1251 2451 1335 2476; x_wconf 87' lang='lat' dir='ltr'>cum</span> <span class='ocrx_word' id='word_1_540' title='bbox 1367 2441 1486 2486; x_wconf 88' lang='lat' dir='ltr'>primo</span> <span class='ocrx_word' id='word_1_541' title='bbox 1524 2443 1747 2488; x_wconf 88' lang='lat' dir='ltr'>reproberis,</span> 
     </span>
     <span class='ocr_line' id='line_1_98' title="bbox 977 2486 1749 2535; baseline 0.005 -14"><span class='ocrx_word' id='word_1_542' title='bbox 977 2486 1041 2521; x_wconf 83' lang='lat' dir='ltr'>sed</span> <span class='ocrx_word' id='word_1_543' title='bbox 1070 2487 1189 2532; x_wconf 87' lang='lat' dir='ltr'>magis</span> <span class='ocrx_word' id='word_1_544' title='bbox 1216 2486 1263 2522; x_wconf 83' lang='lat' dir='ltr'>sis</span> <span class='ocrx_word' id='word_1_545' title='bbox 1290 2487 1446 2532; x_wconf 82' lang='lat' dir='ltr'>simplex</span> <span class='ocrx_word' id='word_1_546' title='bbox 1467 2493 1503 2523; x_wconf 88' lang='lat' dir='ltr'>et</span> <span class='ocrx_word' id='word_1_547' title='bbox 1522 2489 1689 2535; x_wconf 87' lang='lat' dir='ltr'>devotus,</span> <span class='ocrx_word' id='word_1_548' title='bbox 1710 2495 1749 2526; x_wconf 90' lang='lat' dir='ltr'>ut</span> 
     </span>
     <span class='ocr_line' id='line_1_99' title="bbox 979 2533 1648 2580; baseline 0.004 -12"><span class='ocrx_word' id='word_1_549' title='bbox 979 2542 1062 2568; x_wconf 90' lang='lat' dir='ltr'>cum</span> <span class='ocrx_word' id='word_1_550' title='bbox 1079 2533 1224 2569; x_wconf 83' lang='lat' dir='ltr'>duobus</span> <span class='ocrx_word' id='word_1_551' title='bbox 1245 2534 1326 2569; x_wconf 85' lang='lat' dir='ltr'>aliis</span> <span class='ocrx_word' id='word_1_552' title='bbox 1347 2535 1432 2580; x_wconf 80' lang='lat' dir='ltr'>eligi</span> <span class='ocrx_word' id='word_1_553' title='bbox 1453 2535 1648 2572; x_wconf 87' lang='lat' dir='ltr'>merearis.</span> 
     </span>
    </p>
   </div>
   <div class='ocr_carea' id='block_1_4' title="bbox 854 2668 1025 2706">
    <p class='ocr_par' dir='ltr' id='par_1_4' title="bbox 854 2668 1025 2706">
     <span class='ocr_line' id='line_1_100' title="bbox 854 2668 1025 2706; baseline 0.018 -3"><span class='ocrx_word' id='word_1_554' title='bbox 854 2668 1025 2706; x_wconf 82' lang='lat' dir='ltr'>ORATIO</span> 
     </span>
    </p>
   </div>
   <div class='ocr_carea' id='block_1_5' title="bbox 133 2765 1751 2869">
    <p class='ocr_par' dir='ltr' id='par_1_5' title="bbox 133 2765 1751 2869">
     <span class='ocr_line' id='line_1_101' title="bbox 180 2765 1751 2824; baseline 0.008 -23"><span class='ocrx_word' id='word_1_555' title='bbox 180 2765 337 2802; x_wconf 84' lang='lat' dir='ltr'>Domine</span> <span class='ocrx_word' id='word_1_556' title='bbox 367 2768 452 2803; x_wconf 88' lang='lat' dir='ltr'>Jesu</span> <span class='ocrx_word' id='word_1_557' title='bbox 475 2769 634 2815; x_wconf 89' lang='lat' dir='ltr'>Christe,</span> <span class='ocrx_word' id='word_1_558' title='bbox 669 2773 843 2819; x_wconf 84' lang='lat' dir='ltr'>Magister</span> <span class='ocrx_word' id='word_1_559' title='bbox 868 2777 977 2822; x_wconf 82' lang='lat' dir='ltr'>bone,</span> <span class='ocrx_word' id='word_1_560' title='bbox 1017 2778 1202 2824; x_wconf 87' lang='lat' dir='ltr'>inspector</span> <span class='ocrx_word' id='word_1_561' title='bbox 1222 2778 1403 2822; x_wconf 86' lang='lat' dir='ltr'>cordium,</span> <span class='ocrx_word' id='word_1_562' title='bbox 1439 2781 1475 2813; x_wconf 89' lang='lat' dir='ltr'>et</span> <span class='ocrx_word' id='word_1_563' title='bbox 1506 2778 1674 2824; x_wconf 88' lang='lat' dir='ltr'>cognitor</span> <span class='ocrx_word' id='word_1_564' title='bbox 1697 2788 1751 2814; x_wconf 87' lang='lat' dir='ltr'>se-</span> 
     </span>
     <span class='ocr_line' id='line_1_102' title="bbox 133 2816 1748 2869; baseline 0.009 -22"><span class='ocrx_word' id='word_1_565' title='bbox 133 2816 333 2860; x_wconf 87' lang='lat' dir='ltr'>cretorum,</span> <span class='ocrx_word' id='word_1_566' title='bbox 373 2816 528 2852; x_wconf 78' lang='lat' dir='ltr'>exclude</span> <span class='ocrx_word' id='word_1_567' title='bbox 557 2822 593 2852; x_wconf 89' lang='lat' dir='ltr'>et</span> <span class='ocrx_word' id='word_1_568' title='bbox 615 2829 765 2855; x_wconf 87' lang='lat' dir='ltr'>remove</span> <span class='ocrx_word' id='word_1_569' title='bbox 795 2832 816 2857; x_wconf 85' lang='lat' dir='ltr'>a</span> <span class='ocrx_word' id='word_1_570' title='bbox 851 2833 909 2859; x_wconf 88' lang='lat' dir='ltr'>me</span> <span class='ocrx_word' id='word_1_571' title='bbox 930 2834 1080 2860; x_wconf 89' lang='lat' dir='ltr'>omnem</span> <span class='ocrx_word' id='word_1_572' title='bbox 1118 2825 1354 2860; x_wconf 90' lang='lat' dir='ltr'>dolositatem</span> <span class='ocrx_word' id='word_1_573' title='bbox 1385 2828 1421 2860; x_wconf 90' lang='lat' dir='ltr'>et</span> <span class='ocrx_word' id='word_1_574' title='bbox 1456 2824 1748 2869; x_wconf 87' lang='lat' dir='ltr'>simulationem,</span> 
     </span>
    </p>
   </div>
  </div>
 </body>
</html>
