1894 3186
159 209 219 243 220
617 215 762 249 PRIMAE
801 216 959 250 PARTIS
997 216 1133 250 CAPUT
1172 217 1327 251 LXXIII

158 282 279 316 morte
317 283 442 317 autem
462 292 545 319 eam
566 284 715 331 eripies.
737 288 778 322 Et
805 297 936 333 parvo-

157 337 240 363 rum
272 338 426 372 magnas
444 334 572 376 expete
604 343 732 377 noxas,
754 337 796 369 ut
814 344 936 379 neque

158 384 274 427 prope
308 386 444 421 magua
470 378 654 415 deveniat.
674 380 709 416 Si
737 382 815 417 haee
842 381 937 416 sece-

160 432 224 466 ris,
259 423 464 474 secundum
493 436 794 473 unamquamque
821 428 933 471 diem,

161 479 247 504 cum
266 468 384 506 libera
400 472 671 518 propalatione,
691 485 845 511 securus
860 478 934 509 sta-

160 515 219 551 bis
237 526 345 551 secus
368 517 530 555 tribuual
551 519 642 556 illud
678 522 858 557 terribile.
881 523 935 557 Ita

161 563 298 599 Paulus
310 566 499 610 apostolus
511 567 628 603 factus
646 572 700 603 est
717 579 844 614 purus,
854 579 936 613 pro-

161 612 244 655 pter
264 611 335 646 1100
352 615 388 647 et
399 611 488 648 dixit
503 615 566 650 :Si
581 625 644 649 nos
661 617 830 660 metipsos
841 615 938 659 diju-

162 657 377 700 dicaremus,
396 670 466 695 non
486 662 612 705 utique
626 662 900 706 judicaremur:
916 674 934 696 »

163 704 248 739 haec
266 706 552 749 chrysostomus.

214 754 254 786 18
275 752 438 794 Quuvoun
463 765 669 789 Locumoms
702 766 936 791 CIRCUMSTAN-

163 809 241 834 TIAE.
268 819 311 824 ——
344 800 534 836 Moraliter
566 805 689 837 autem
724 802 760 837 iu
798 802 935 847 verbis,

164 844 240 880 sive
277 845 315 880 in
351 846 551 892 loquendo,
588 849 818 885 attendenda
852 852 938 885 sunt

163 891 341 937 quinque,
376 893 516 929 scilicet
559 905 567 929 :
605 895 706 940 quid,
745 896 819 939 cui,
859 896 936 939 ubi,

162 939 325 983 quaudo,
349 944 385 974 et
405 940 566 985 qualiter
586 942 743 978 dicatur.
766 943 830 978 Isti
852 946 939 978 suut

161 984 326 1030 quinque
346 985 450 1031 digiti
472 988 509 1022 in
535 999 647 1024 manu
662 989 812 1031 liuguae.
830 990 937 1035 Quid,

162 1032 388 1068 determinat
415 1034 629 1080 Apostolus,
653 1036 780 1072 diceus
812 1049 820 1072 :
853 1039 935 1073 Ser-

162 1089 217 1113 mo
246 1083 361 1115 vester
395 1083 444 1116 sit
473 1092 612 1127 semper·
644 1085 683 1118 in
714 1086 836 1127 qratia
864 1085 940 1119 sale

163 1127 342 1168 conditas,
380 1126 417 1162 id
451 1131 507 1163 est
537 1133 680 1174 gratus,
714 1130 829 1175 utilis,
858 1131 938 1166 siue

165 1171 365 1209 otiositate.
406 1174 533 1211 Otiosa
563 1180 649 1212 sunt
687 1177 814 1212 omnia
857 1188 938 1223 quae

165 1222 228 1255 aut
249 1219 407 1265 inutilia,
427 1225 491 1257 aut
516 1222 729 1268 inhonesta,
753 1227 815 1259 aut
836 1224 939 1260 noci-

164 1276 211 1301 va
232 1270 331 1302 sunt.
360 1268 509 1304 Inutilia
545 1273 631 1305 suut
665 1281 747 1316 quae
784 1282 852 1306 nec
884 1271 938 1306 lo-

165 1315 380 1359 quentibus,
409 1326 477 1351 uec
503 1316 742 1353 audientibus
767 1320 936 1363 prosunt.

164 1360 365 1397 Inhonesta
385 1363 471 1397 sunt
496 1373 578 1408 qufe
605 1375 673 1399 nec
693 1364 864 1410 dignitati
886 1365 939 1400 lo-

165 1407 328 1452 quentis,
368 1419 435 1444 nec
472 1409 659 1446 andlentis
695 1411 936 1447 conveniunt.

164 1453 302 1490 Nociva
340 1458 439 1498 suut,
468 1466 550 1501 quae
584 1457 639 1492 vel
674 1457 722 1493 ad
758 1468 939 1502 errorem,

163 1500 221 1536 vel
247 1501 293 1536 ad
314 1501 534 1547 pravitatem
549 1503 703 1539 ducunt.
722 1525 768 1531 ·-
784 1504 864 1548 Cui,
880 1505 941 1540 de-

164 1547 340 1583 terminat
364 1549 533 1594 Sapiens,
548 1550 674 1586 11100115
696 1563 705 1587 2
725 1552 811 1588 Cum
830 1552 941 1586 stulto

163 1605 207 1629 ne
236 1596 389 1630 maltum
427 1597 603 1641 loquaris.
633 1597 699 1640 Qui
735 1609 823 1644 ergo
857 1608 940 1633 cum

165 1641 238 1677 alio
266 1642 445 1687 loquitur,
472 1643 684 1680 consideret
719 1656 766 1680 an
788 1647 942 1691 propter

165 1689 298 1733 se,ch
327 1692 480 1734 propter
511 1690 625 1726 alium
659 1691 760 1737 loqui
788 1693 939 1727 habeat.

167 1734 202 1771 Si
223 1740 376 1780 propter
396 1736 515 1780 illum,
533 1741 658 1773 utrum
693 1739 740 1774 sit
771 1738 856 1774 talis
877 1737 940 1784 qni

166 1792 233 1817 sua
253 1783 484 1819 correctione
506 1784 686 1830 indigeat,
701 1786 758 1821 vel
778 1785 841 1830 qui
858 1796 940 1820 cor-

166 1828 371 1865 rectionem
387 1841 461 1865 uon
485 1831 652 1876 recipiat.
672 1852 716 1858 ——
739 1832 820 1876 Ubi,
845 1842 942 1877 qute-

166 1876 251 1911 dam
269 1877 367 1911 enim
392 1879 478 1912 sunt
499 1877 581 1913 loca
604 1879 668 1914 ubi
692 1879 793 1914 nullo
815 1879 939 1922 modo,

167 1922 265 1957 utin
288 1923 518 1967 sanctuario;
548 1925 719 1969 quaedam
745 1925 806 1961 ubi
839 1936 940 1969 raro,

167 1972 206 2004 ut
238 1968 276 2004 iu
303 1969 497 2014 convivio;
529 1972 700 2016 quaedam
725 1972 788 2008 ubi
818 1972 943 2007 mode-

167 2019 261 2059 rate,
283 2019 322 2051 ut
348 2016 387 2051 iu
408 2017 590 2053 locutorio
617 2022 674 2054 est
696 2019 939 2065 loquendum.

167 2082 211 2088 --
241 2064 410 2107 Quando,
437 2064 661 2101 determinat
686 2066 940 2110 Ecclesiastes,

167 2109 329 2145 diceus:
361 2113 512 2156 Tempus
548 2114 704 2154 tacendi,
738 2117 771 2148 et
803 2117 942 2158 tempus

167 2157 351 2201 loquendi.
381 2158 593 2194 Tacendum
632 2162 699 2203 est,
741 2159 941 2205 aliquando

166 2208 320 2249 propter
338 2204 550 2240 auditorum
577 2205 855 2250 infirmitatem;
879 2206 944 2242 ali-

168 2250 317 2294 quando
349 2255 502 2296 propter
520 2252 710 2289 vitandam
733 2253 942 2299 praecipita-

134 2310 139 2313 ·
166 2296 329 2340 tiouem;
359 2297 562 2343 aliquando
593 2304 745 2346 propter
773 2311 943 2346 personae

168 2342 323 2378 alterius
341 2345 612 2389 reverentiam5
634 2347 834 2392 aliquando
855 2358 942 2392 pro-

168 2393 252 2435 pter
269 2390 482 2426 auditorum
494 2392 771 2438 indignitatem.
791 2414 831 2419 -
848 2395 943 2436 Qua-

170 2436 254 2472 liter
274 2440 399 2472 autem
419 2438 476 2473 vel
506 2441 706 2484 quomodo,
726 2440 763 2476 id
788 2443 844 2476 est
870 2451 942 2485 quo

171 2486 291 2528 gestu,
322 2494 395 2528 quo
431 2495 535 2529 sono,
574 2491 611 2521 et
647 2498 720 2531 qua
757 2486 944 2533 significa·

170 2530 285 2565 tione.
310 2530 364 2566 Sit
384 2541 472 2576 ergo
491 2534 617 2575 gestus
638 2533 795 2578 simplex
815 2537 852 2569 et
874 2535 942 2570 hu-

171 2576 289 2621 milis3
314 2588 426 2612 sonus
449 2578 547 2613 mitis
569 2582 604 2614 et
630 2581 776 2624 suavis3
806 2580 945 2625 signifi-

172 2623 267 2659 catio
303 2635 414 2660 verax
443 2627 481 2659 et
507 2625 635 2660 dulcis
676 2627 945 2672 Compendium

172 2674 295 2706 autem
315 2671 481 2706 omniurn
502 2672 765 2717 praedictorum
782 2674 850 2709 hoc
865 2685 944 2709 esse

171 2717 331 2760 videtur,
351 2721 391 2754 ut
410 2718 516 2754 tarde
535 2722 571 2754 et
597 2730 682 2754 raro
703 2720 785 2765 quis
812 2720 945 2766 loqua-

172 2766 246 2799 tur.
269 2765 373 2800 Unde
393 2766 549 2801 Seneca:
574 2782 590 2796 «
609 2767 762 2802 Summa
783 2777 945 2803 summa-

171 2820 255 2846 rum
294 2811 375 2848 haec
411 2816 488 2857 est,
521 2812 777 2860 tardiloquum
802 2817 837 2849 te
863 2825 946 2850 esse

1007 286 1135 332 jubeo.
1159 298 1177 320 »
1209 287 1252 322 Et
1278 286 1414 323 iterum
1435 298 1443 322 :
1468 299 1485 320 «
1513 285 1700 334 Quidquid
1732 289 1786 325 di-

1011 336 1136 369 cturus
1156 344 1209 377 05,
1231 337 1432 380 antequam
1454 334 1549 377 aliis,
1572 334 1710 372 dixeris
1729 336 1784 372 ti—

1011 379 1133 426 biipsi.
1167 382 1300 426 Magna
1317 385 1371 417 est
1391 392 1451 417 res
1471 381 1571 417 vocis
1590 385 1625 417 et
1646 382 1783 418 silentii

1008 430 1356 472 temperamentum.
1376 442 1393 462 »
1409 430 1451 464 Et
1468 428 1625 464 iterum:
1648 444 1666 462 «
1682 430 1787 472 Quod

1009 474 1161 510 tacitum
1182 485 1264 511 esse
1280 475 1349 519 vis,
1368 475 1510 511 nemini
1525 474 1676 520 dixeris,
1699 476 1787 522 quia

1010 532 1083 557 nou
1101 521 1242 566 poteris
1259 523 1305 558 ab
1320 522 1392 558 alio
1416 522 1561 569 exigere
1582 523 1785 568 silentium,

1010 569 1039 603 si
1057 567 1197 614 tibiipsi
1214 579 1289 604 non
1306 572 1463 615 praestas
1480 581 1488 605 :
1505 583 1522 602 »
1540 570 1619 605 haec
1637 571 1786 606 Seneca.

1011 615 1096 659 Sed,
1117 615 1209 651 heut
1241 620 1326 651 sunt
1352 616 1467 661 aliqui
1493 627 1567 652 uon
1589 617 1710 653 solum
1732 628 1789 653 se·

1010 662 1167 706 efflares,
1191 663 1256 698 sed
1279 668 1316 698 et
1334 662 1514 707 religiosi,
1537 663 1599 708 qui
1620 664 1786 709 quaudo-

1011 720 1082 755 que
1100 709 1212 744 etiam
1233 709 1312 745 siue
1335 720 1446 745 causa
1468 709 1681 745 rationabili
1704 710 1788 747 aliis

1010 755 1094 791 irati
1120 759 1244 791 torvos
1275 756 1401 791 oculos
1437 759 1473 791 et
1502 756 1624 791 vultus
1660 760 1789 793 osten-

1010 803 1126 846 dunt;
1150 814 1192 838 ac
1211 802 1366 848 iusuper
1386 802 1559 839 dentibus
1578 802 1785 848 stridendo,

1010 860 1120 885 voces
1151 849 1310 885 furiosas
1339 849 1535 893 emittuut;
1573 852 1608 884 et
1634 849 1686 886 sic
1713 851 1788 886 dae-

1012 907 1174 940 monem,
1196 896 1259 941 qui
1286 896 1384 932 intus
1414 907 1478 932 eos
1499 896 1677 942 possidet,
1705 897 1789 933 aliis

1012 947 1115 979 extra
1134 944 1309 989 produnt.
1337 943 1380 978 Hi
1409 944 1503 978 tales
1535 944 1629 979 bene
1653 943 1691 979 in
1717 945 1789 980 1100

1012 990 1175 1025 Daciano
1214 990 1250 1025 in
1278 991 1430 1026 beatum
1457 989 1692 1026 Vincentium
1725 1002 1791 1027 sae-

1012 1036 1125 1072 vienti
1161 1036 1429 1081 assimilantur,
1459 1037 1503 1072 de
1537 1047 1609 1083 quo
1644 1036 1683 1072 in
1717 1049 1793 1074 ser-

1012 1094 1122 1119 mone
1150 1084 1352 1127 Auqustz‘m'
1374 1083 1426 1119 sic
1455 1082 1591 1119 dicitur
1620 1095 1628 1119 ε
1668 1098 1686 1117 α
1719 1086 1792 1121 Per

1012 1130 1171 1166 furiosas
1211 1130 1312 1166 enim
1353 1130 1505 1166 Daciani
1550 1141 1674 1175 voceS‚
1724 1142 1792 1178 per

1012 1180 1137 1212 truces
1170 1178 1298 1213 oculos
1329 1181 1366 1213 et
1395 1177 1560 1213 minaces
1586 1177 1729 1222 vultus,
1755 1181 1792 1214 et

1012 1225 1125 1259 totius
1156 1224 1322 1269 corporis
1353 1228 1477 1259 motus
1506 1224 1568 1259 ille
1600 1225 1792 1261 habitator

1013 1271 1092 1316 ejus
1119 1270 1276 1306 interior
1308 1271 1614 1315 monstrabatur;
1650 1275 1686 1307 et
1724 1282 1792 1318 per

1012 1318 1093 1353 haec
1132 1317 1240 1362 signa
1281 1317 1456 1361 visibilia,
1496 1320 1689 1363 tamquam
1724 1329 1792 1364 per

1013 1364 1068 1399 sui
1090 1364 1242 1407 vasculi,
1261 1364 1359 1410 quod
1377 1364 1608 1410 impleverat,
1631 1375 1790 1411 crepan-

1013 1411 1058 1446 tis
1090 1410 1258 1455 rimulas,
1289 1410 1518 1447 videbatur:
1547 1424 1566 1443 »
1597 1412 1679 1448 haec
1713 1413 1792 1448 Au-

1013 1459 1197 1502 qustinus.

1066 1519 1106 1551 19
1130 1505 1350 1547 QUANDOQUE
1361 1516 1613 1541 TACITURNITAS
1635 1517 1791 1543 011111111-

1014 1562 1061 1586 DA
1096 1563 1236 1586 1151-
1264 1552 1370 1587 Tales
1408 1553 1521 1587 etiam
1564 1553 1792 1599 quandoque

1017 1597 1094 1633 suis
1112 1597 1247 1643 linguis
1267 1597 1385 1634 acutis
1402 1603 1574 1644 parcunt,
1597 1603 1634 1635 et
1653 1611 1692 1636 se
1711 1602 1792 1636 abs-

1016 1645 1218 1680 condentes
1246 1645 1492 1681 taciturnitati
1522 1646 1723 1691 iusistuut;
1750 1658 1792 1683 ac

1017 1691 1221 1734 silentium,
1237 1692 1337 1737 quod
1358 1692 1445 1728 boui
1461 1704 1503 1728 ex
1518 1693 1710 1739 religionis
1725 1694 1791 1730 ob-

1016 1738 1180 1774 edientia
1201 1740 1276 1774 Deo
1296 1739 1523 1783 sacrificant,
1548 1739 1618 1786 ipsi
1639 1752 1683 1776 ex
1706 1751 1792 1786 per-

1016 1784 1203 1820 versitatis
1216 1785 1359 1821 malitia
1369 1786 1579 1831 daemoniis,
1590 1790 1626 1822 et
1638 1798 1713 1822 nou
1726 1789 1793 1823 Do-

1016 1831 1133 1874 mino,
1160 1831 1369 1867 immolant.
1399 1834 1501 1868 Unde
1530 1834 1568 1868 iu
1593 1834 1793 1870 collatione

1016 1878 1161 1914 abbatis
1189 1881 1333 1924 Joseph,
1362 1881 1414 1915 De
1447 1879 1626 1924 amicitia,
1660 1880 1713 1916 sic
1746 1881 1793 1917 de

1015 1925 1152 1961 talibus
1182 1925 1318 1961 dicitur
1347 1938 1353 1961 :
1385 1940 1403 1958 «
1434 1927 1527 1962 Illud
1564 1938 1652 1962 vero
1684 1927 1793 1973 quale

1016 1975 1084 2015 est,
1109 1972 1207 2017 quod
1228 1972 1417 2008 interdum
1430 1973 1616 2019 patientes
1633 1985 1794 2010 essenos

1015 2019 1216 2062 credimus,
1254 2019 1341 2065 quia
1367 2021 1595 2065 respondere
1627 2024 1792 2056 coutem-

1016 2065 1141 2101 nimus
1177 2066 1359 2109 lacessiti3
1398 2067 1462 2102 sed
1494 2066 1547 2102 ita
1585 2071 1793 2103 commotos

1015 2114 1149 2148 fratres
1170 2123 1299 2148 amara
1319 2113 1587 2157 taciturnitate,
1607 2114 1665 2149 vel
1686 2118 1792 2150 motu

1015 2163 1195 2206 gestuque
1234 2159 1402 2195 irrisorio
1441 2161 1727 2205 subsannamus,
1753 2163 1794 2196 ut

1016 2217 1079 2242 005
1100 2205 1217 2251 magis
1237 2206 1283 2241 ad
1308 2206 1541 2242 iracundiam
1562 2207 1664 2242 vultu
1681 2207 1793 2243 tacito

1015 2263 1273 2299 provocemuS‚
1293 2263 1404 2298 quam
1424 2254 1566 2289 tumida
1585 2253 1795 2299 potuissent

1016 2299 1171 2335 incitare
1190 2298 1371 2342 convitia3
1398 2299 1436 2335 111
1458 2311 1500 2336 00
1521 2312 1590 2336 1105
1608 2301 1795 2337 {estiman-

1015 2350 1071 2382 tes
1110 2345 1264 2381 minime
1295 2347 1395 2391 apud
1425 2348 1541 2383 Deum
1573 2358 1683 2392 reos,
1709 2347 1796 2394 quia

1017 2393 1110 2429 nihil
1141 2404 1205 2428 ore
1239 2393 1475 2438 protulimus,
1499 2395 1599 2440 quod
1634 2405 1704 2430 uos
1730 2405 1797 2430 no-

1016 2443 1096 2476 tare
1127 2439 1320 2475 homiuum
1346 2440 1489 2485 judicio
1527 2444 1590 2477 aut
1615 2441 1793 2477 condem-

1017 2497 1107 2522 nare
1132 2486 1325 2532 potuisset.
1349 2488 1402 2522 Ita
1419 2487 1533 2533 igitur
1552 2491 1678 2523 tacere
1702 2487 1794 2523 nihil

1017 2533 1182 2580 prodest,
1207 2532 1237 2568 si
1274 2532 1412 2569 idcirco
1448 2534 1558 2570 nobis
1592 2534 1793 2570 indicimus

1018 2580 1220 2624 silentium,
1244 2584 1284 2614 ut
1304 2580 1405 2624 quod
1425 2581 1611 2626 agendum
1632 2580 1792 2616 convitio

1020 2628 1153 2669 fuerat,
1197 2627 1266 2661 boc
1301 2626 1555 2663 taciturnitate
1597 2627 1792 2672 faciamus,

1019 2673 1270 2709 assimilantes
1296 2674 1477 2718 quosdam
1498 2676 1638 2720 gestus,
1659 2673 1793 2719 quibus

1019 2724 1056 2756 et
1092 2720 1155 2756 ille
1191 2729 1303 2765 quem
1341 2731 1473 2756 curare
1505 2732 1572 2756 uos
1606 2720 1790 2766 oportuit,

1019 2766 1298 2803 vehementiore
1336 2765 1548 2803 inardescat
1583 2767 1790 2803 iracundia.

1021 2814 1156 2860 Utique
1172 2812 1271 2850 euim
1291 2813 1364 2850 tale
1379 2814 1567 2851 silentium
1579 2814 1650 2851 erit
1671 2823 1794 2860 300110-
