1894 3186
292 185 347 219 DE
386 184 554 224 QUAEST.
592 184 777 219 JOANNIS
814 185 941 220 BAPT.
978 185 1003 219 A
1040 184 1229 220 CIIRISTO
1266 187 1567 224 COMMENDATI.
1693 190 1733 226 79

94 257 254 295 adulari.
267 257 353 301 Sed,
374 255 467 291 heul
490 254 605 290 hodie
624 255 744 295 multi
757 255 871 292 etiam

95 305 275 358 religiosi,
299 302 528 339 contrarium
557 302 712 345 faciunt,
736 307 772 338 et
804 314 871 349 pio

98 352 246 389 modico
268 334 476 397 '111aj0ribus
496 353 532 385 et
550 351 661 385 etiam
684 331 766 385 aliis
784 351 874 386 adu-

97 400 166 453 lari
190 411 266 435 non
294 398 533 434 eiubescunt.
554 398 598 432 Et
626 398 721 433 bene
744 397 870 434 divit:

96 447 134 483 in
163 446 336 483 domibus
362 455 506 490 regum,
535 455 609 479 non
637 445 869 490 pontificum.

98 494 243 531 Debent
267 471 424 528 etenimo
434 473 645 544 pontifices,
671 503 713 527 ac
742 503 873 528 omnes

95 540 242 593 praelati
267 539 443 575 Ecclesiae
464 543 501 575 et
525 538 637 574 etiam
661 550 789 575 eOium
819 541 872 576 sa-

96 587 200 624 milia
216 587 320 623 indui
336 592 439 623 veste
451 586 611 632 simplici
630 589 666 622 et
681 586 871 632 religiosa,

95 646 168 671 non
194 634 297 670 molli
324 637 361 670 et
386 633 564 680 pretiosa.
599 634 704 669 Unde
734 634 872 680 legitur

93 682 140 719 de
160 683 270 718 beato
295 682 500 726 Athustino
523 681 623 727 quod
647 681 871 717 vestimenta

95 730 176 776 ejus
200 734 309 765 erant
338 740 407 765 nec
427 728 545 764 nitida
565 728 782 774 plurimum,
804 740 872 765 nec

94 777 242 823 abjecta
266 776 389 812 nimis.
412 776 515 812 Unde
531 777 582 812 ait
598 778 840 821 Hieronymus
860 789 869 811 :

97 838 116 858 «
140 825 303 861 Ornatus
334 828 371 860 et
395 824 526 860 sordes
558 823 641 869 pari
675 826 787 859 morlo
816 824 872 860 fu-

94 871 222 918 giendi
251 875 350 916 sunt,
385 871 473 918 quia
508 871 667 907 alterum
701 871 869 914 delicias,

94 918 255 956 alterum
273 919 435 964 gloriam
457 919 614 954 redolet.
639 932 656 950 »
676 919 870 962 Quomodo

95 977 184 1012 ergo
206 966 331 1002 clerici
351 971 386 1002 et
413 965 579 1011 religiosi
608 977 715 1011 aeque
746 966 868 1001 molli-

95 1014 166 1050 bus
202 1017 238 1050 et
271 1013 413 1049 deliciis
445 1016 618 1057 utuntur,
647 1013 744 1049 sicut
776 1017 811 1049 et
834 1013 869 1048 111

95 1060 159 1107 qui
194 1060 233 1096 in
269 1061 441 1097 domibus
483 1071 615 1106 regum
654 1062 765 1096 sunt?
799 1061 871 1097 Sed

96 1108 254 1144 timeant
290 1111 327 1144 et
362 1111 519 1144 caveant
556 1107 640 1151 sibi,
666 1107 755 1154 quia
796 1119 871 1143 non

96 1155 252 1201 coelesti,
281 1155 347 1191 sed
385 1160 535 1191 terreno
576 1154 654 1201 regi
695 1155 870 1199 militant,

95 1202 158 1249 qui
179 1213 246 1249 pro
269 1204 344 1238 Deo
366 1203 509 1249 perpeti
543 1213 677 1248 aspera
697 1202 870 1248 fugiunt3

96 1250 163 1286 sed
184 1249 273 1286 solis
291 1250 539 1286 exterioribus
558 1249 688 1295 dediti,
708 1260 873 1296 praesen-

95 1296 143 1333 tis
163 1297 249 1333 vitae
281 1297 477 1333 mollitiem
514 1301 550 1333 et
581 1297 872 1333 delectationem

94 1348 279 1390 quaerunt.
305 1344 342 1381 Si
364 1356 453 1390 ergo
476 1344 609 1380 vilibus
638 1344 873 1380 vestimentis

95 1390 201 1428 indui
233 1392 347 1428 virtus
383 1403 457 1428 non
497 1396 610 1435 esset,
631 1402 873 1437 nequaquam

95 1438 276 1475 Dominus
303 1441 484 1475 Joannem
509 1440 555 1475 de
585 1439 796 1475 vestimenti
817 1438 873 1474 sui

95 1485 299 1532 asperitate
327 1487 542 1530 laudasset3
571 1490 608 1522 et
640 1486 670 1521 si
698 1486 874 1532 pretiosis

95 1532 203 1568 indui
238 1533 469 1569 vestimentis
503 1536 698 1577 peccatum
726 1544 801 1566 non
823 1544 878 1566 es-

96 1582 167 1623 set,
187 1588 429 1631 nequaquam
446 1579 492 1613 de
506 1588 620 1624 poena
632 1577 758 1613 divitis
776 1578 876 1613 locu-

94 1607 215 1670 turiis,
252 1625 531 1672 praemisisset:
560 1626 630 1668 Qui
655 1625 876 1660 induebatur

121 1684 262 1725 urpura
279 1677 311 1708 et
334 1674 450 1717 bysso.
471 1673 589 1715 Quam
613 1683 698 1707 vero
722 1671 869 1717 pelicu-

93 1684 215 1756 fosum
235 1719 282 1756 sit
301 1720 353 1755 uti
372 1719 547 1755 mollibus
566 1719 745 1763 vestibus,
770 1722 875 1764 patet

92 1777 160 1821 per
183 1768 488 1811 Chrysostomum,
512 1766 574 1812 qui
597 1766 717 1801 dicit:
744 1780 761 1799 «
784 1766 873 1801 Mol-

95 1814 140 1851 lis
160 1814 274 1867 vestis
298 1814 469 1850 dissolvit
494 1813 655 1859 rigidam
683 1813 870 1858 animam;

94 1864 144 1906 et,
167 1860 198 1897 si
218 1861 381 1907 rigidum
412 1871 546 1907 corpus
570 1864 738 1896 assumat
761 1864 873 1906 atque

94 1919 284 1954 asperum,
300 1908 407 1944 facile
425 1919 492 1954 per
510 1908 768 1954 hujuscemodi
787 1908 876 1943 mol-

95 1956 213 1991 litiem
248 1956 448 1991 delicatum
487 1956 611 1991 reddit
651 1958 687 1991 et
725 1956 871 2001 fragile.

96 2004 207 2039 Facto
247 2007 374 2038 autem
409 2013 567 2049 corpore
601 2002 779 2044 molliori,
809 2013 872 2038 ne-

96 2060 201 2086 cesse
227 2053 285 2086 est
307 2053 344 2085 et
368 2049 536 2086 animam
559 2049 786 2095 participare
806 2050 872 2085 lae-

95 2097 241 2133 sionem
258 2109 266 2141 ;
286 2108 374 2133 nam
396 2100 435 2133 ut
460 2097 664 2143 plurimum
686 2099 868 2142 operatio·

96 2155 164 2181 nes
182 2144 299 2191 ipsius
325 2148 535 2180 consonant
560 2144 871 2190 dispositionibus

95 2192 262 2238 corporis
280 2203 287 2227 z
306 2206 323 2223 »
341 2193 422 2227 liaec
437 2193 721 2236 Chrysostomus.
740 2212 782 2217 —
798 2193 872 2237 My-

95 2239 200 2283 stice,
219 2250 286 2285 per
309 2239 464 2275 vestitos
498 2239 675 2275 mollibus
714 2242 870 2284 possunt

94 2285 252 2332 intelligi
288 2286 515 2330 adulatores,
550 2286 649 2332 quod
687 2287 783 2322 bene
820 2286 870 2322 si-

94 2333 296 2379 gnificatur
340 2344 405 2380 per
448 2333 723 2369 indumentum.
769 2334 870 2370 Sicut

94 2380 195 2416 enim
217 2381 476 2417 indumentum
494 2381 647 2427 adaptat
669 2391 707 2416 se
730 2380 782 2415 illi
810 2392 870 2416 cu-

91 2427 155 2474 jus
181 2431 250 2473 est,
283 2427 334 2463 sic
370 2428 586 2464 adulatores
619 2428 799 2473 adaptant
829 2438 868 2463 se

96 2474 219 2520 malis,
242 2478 281 2510 ut
314 2475 377 2521 qui
407 2475 541 2512 timore
577 2474 865 2521 persecutionis,

97 2521 155 2558 vel
180 2532 309 2558 amore
343 2522 477 2563 laudis,
518 2521 752 2568 peccantium
779 2521 869 2557 vitia

97 2579 173 2605 non
193 2570 439 2615 redarguunt,
456 2573 493 2605 et
513 2574 552 2605 ut
570 2568 793 2615 temporalia
810 2569 866 2604 lu-

98 2626 162 2652 cra
186 2617 244 2652 vel
268 2617 466 2652 commoda
492 2616 669 2662 consequi
704 2616 866 2661 possint,

96 2662 171 2698 11115
209 2674 248 2700 56
287 2664 522 2700 conformare
562 2675 637 2699 non
680 2665 865 2698 metuunt.

100 2709 187 2754 Sed,
216 2711 419 2747 secundum
454 2712 678 2756 Greqorium,
703 2712 867 2746 Joannes

101 2757 156 2791 sic
181 2758 355 2794 mollibus
380 2758 534 2794 vestitus
562 2769 638 2793 non
665 2761 758 2800 erat,
781 2756 869 2803 quia

102 2804 338 2850 peccantium
361 2804 450 2842 vitia
472 2816 548 2842 non
565 2805 792 2842 blandiendo
814 2804 868 2840 so-

946 267 1035 292 vere
1054 283 1063 300 ,
1093 256 1158 292 sed
1185 256 1411 303 increpando
1442 259 1628 304 castigare
1661 270 1729 297 no-

947 307 1066 339 verat.
1091 324 1137 329 —
1170 305 1374 349 Moraliler,
1403 308 1612 343 scrinulum
1645 310 1730 343 Hie-

944 362 1139 395 ronymum
1166 354 1202 386 et
1228 353 1433 392 Rammium,
1459 355 1638 390 ‹lot-emur
1670 354 1733 391 hic

947 398 1048 444 quod
1069 398 1338 444 praedicatores
1356 412 1417 435 xci
1422 400 1521 435 italis
1537 402 1602 437 1161-
1608 402 1732 439 linare

946 446 1087 481 debent
1125 445 1293 481 mollium
1317 447 1576 493 11111111111116
1607 449 1733 485 molli-

948 493 1018 529 bus
1061 492 1182 528 induti
1220 494 1436 530 adulatores
1462 476 1732 542 ’11η11μ16111611μ

946 540 1009 586 qui
1045 539 1162 575 vitam
1197 542 1433 586 peccantium
1463 543 1631 588 pilpant,
1656 554 1733 579 un—

945 590 1038 633 gunt
1065 590 1103 623 et
1131 598 1205 623 non
1234 593 1420 633 pungunt.
1446 592 1552 633 Item,
1578 593 1733 626 notatur

945 634 1019 675 hic
1050 635 1151 680 quod
1186 635 1404 680 prsediratio
1439 618 1608 672 verit-itis
1642 648 1734 673 con-

945 681 1046 718 venit
1075 693 1160 718 cum
1181 683 1320 718 duritia
1341 684 1410 719 (ibi
1441 688 1478 719 et
1505 684 1639 719 vestis·
1633 683 1730 730 ,qui

945 733 1070 765 autem
1113 729 1206 765 falsa
1244 730 1394 776 praedim
1400 735 1473 773 int,
1512 713 1728 768 adulatores

946 780 1046 821 sunt,
1074 776 1178 812 lucia
1204 782 1410 821 sectantur,
1439 759 1588 814 divitias
1626 790 1726 824 quee-

944 827 1044 868 runt,
1059 823 1385 860 (1611611531 111111111
1402 828 1442 860 Et
1462 826 1555 861 tales
1571 825 1623 861 sic
1639 826 1730 862 mol-

945 871 1042 907 libus
1063 871 1186 907 vestiti
1207 871 1241 906 in
1270 872 1444 907 domibus
1472 884 1603 918 regum
1630 876 1729 918 sunt,

944 919 981 954 id
1003 922 1072 963 est,
1089 919 1295 954 secundum
1314 920 1539 963 Greqorz'mn,
1562 923 1729 956 extorres

945 966 1051 1011 regni
1073 966 1249 1010 coelestis,
1267 968 1334 1002 sub
1354 968 1439 1012 jure
1458 967 1596 1003 diaboli
1620 970 1725 1003 sunt:

945 1014 1138 1049 daemones
1168 1013 1267 1049 enim
1296 1018 1381 1049 sunt
1415 1025 1523 1060 nges
1552 1016 1727 1051 tenebra-

945 1071 1042 1096 rum.
1065 1081 1110 1086 —
1130 1062 1202 1096 Per
1217 1061 1407 1096 desertum
1429 1073 1578 1108 quoque
1599 1064 1725 1107 potest

945 1107 1103 1153 intelligi
1133 1108 1279 1154 religio,
1303 1109 1390 1153 quia
1419 1109 1513 1144 sicut
1534 1110 1726 1144 desertum

946 1155 1017 1190 fuit
1054 1135 1223 1190 medium
1254 1158 1287 1190 et
1327 1157 1503 1201 quedam
1543 1156 1603 1192 via
1628 1155 1727 1192 inter

946 1204 1146 1255 AEgyptum
1183 1205 1219 1238 et
1256 1204 1348 1238 Teii
1351 1214 1409 1238 im
1440 1204 1616 1239 Sanctam
1636 1213 1726 1249 pro-

947 1250 1162 1293 miss¹onis;
1192 1249 1244 1285 sic
1279 1250 1413 1293 leligio
1445 1254 1500 1286 est
1538 1250 1728 1296 quoddam

947 1297 1113 1333 medium
1137 1278 1236 1332 1111611
1263 1286 1398 1333 coeliim
1420 1302 1455 1333 et
1477 1298 1672 1341 mundum,
1693 1300 1730 1333 et

948 1344 1053 1390 quasi
1082 1344 1254 1389 quaedam
1287 1345 1346 1380 via
1380 1345 1523 1381 directa
1553 1355 1627 1390 qua
1654 1325 1730 1380 i’tur

948 1392 995 1428 ad
1019 1392 1169 1427 coelum.
1200 1393 1270 1427 Per
1295 1394 1479 1428 Joannem
1505 1392 1728 1428 existentem

948 1438 987 1474 in
1015 1439 1163 1474 deserto
1187 1439 1408 1485 intelligitur
1430 1439 1642 1485 religiosus,
1661 1440 1726 1485 qui

947 1497 1023 1521 non
1044 1486 1155 1521 debet
1182 1497 1264 1521 esse
1291 1487 1448 1527 arundo,
1477 1487 1513 1521 id
1536 1489 1592 1521 est
1612 1487 1729 1532 hypo-

949 1533 1043 1566 crita
1064 1532 1239 1575 exterius,
1263 1533 1357 1567 sicut
1378 1533 1524 1568 arundo
1547 1534 1673 1569 virens
1688 1535 1725 1568 et

948 1577 1105 1613 interius
1139 1589 1298 1622 vacuus3
1332 1580 1397 1614 sed
1421 1579 1584 1615 exterius
1614 1580 1727 1616 deb'et

949 1625 1073 1660 vivere
1086 1635 1153 1671 per
1168 1607 1366 1662 honestam
1383 1638 1519 1662 convei
1524 1626 1726 1672 sationem,

949 1676 986 1708 et
1010 1671 1167 1708 interius
1194 1672 1306 1708 debet
1332 1685 1415 1709 esse
1436 1674 1493 1719 pli
1501 1685 1567 1710 nus
1589 1684 1657 1720 per
1680 1674 1726 1709 fi-

949 1720 1034 1755 dem
1055 1722 1092 1755 et
1112 1720 1320 1755 ferventem
1342 1722 1596 1758 devotionem.
1617 1723 1726 1766 Item,

948 1778 1024 1802 non
1045 1767 1156 1803 debet
1175 1777 1256 1802 esse
1276 1768 1432 1813 fragilis,
1451 1768 1545 1803 sicut
1567 1768 1727 1813 arundo,

947 1817 985 1849 et
1005 1815 1234 1849 omnivento
1256 1815 1410 1858 cedere3
1435 1816 1499 1851 scd
1515 1816 1627 1851 debet
1645 1826 1729 1852 esse

948 1861 1080 1896 firmus
1107 1864 1144 1896 et
1170 1862 1270 1897 omni
1299 1862 1499 1897 tentationi
1534 1863 1729 1907 resistere,

947 1912 983 1944 et
1003 1919 1071 1944 nee
1084 1909 1361 1953 benedictione,
1378 1921 1444 1945 neu
1459 1909 1724 1946 maledictione

947 1955 1102 1991 moveri.
1128 1957 1233 2000 Item,
1257 1967 1331 1991 non
1353 1957 1462 1992 debet
1492 1968 1573 1992 esse
1601 1957 1724 1993 molli-

945 2003 1015 2038 bus
1055 2003 1224 2047 vestitus,
1254 2003 1292 2038 id
1329 2008 1384 2039 est
1430 2005 1618 2049 adulator,
1660 2004 1726 2040 sed

946 2049 1112 2085 seriosus
1139 2050 1187 2086 ad
1220 2050 1323 2095 vitia,
1346 2055 1382 2086 et
1412 2051 1550 2087 nullius
1583 2051 1621 2087 in
1654 2052 1726 2088 hoc

945 2107 1118 2143 personae
1140 2101 1327 2143 acceptor.

993 2147 1013 2179 8
1026 2145 1294 2180 COMMENDATUR
1306 2156 1327 2180 A
1344 2157 1517 2181 pmisoNA.
1531 2165 1573 2171 —
1585 2145 1726 2191 Tertio,

944 2192 1183 2227 commendat
1208 2193 1379 2228 Salvator
1395 2195 1582 2229 Joannem
1602 2194 1649 2229 ab
1671 2204 1728 2229 ex-

944 2238 1118 2274 cellentia
1137 2250 1308 2285 personae
1330 2244 1366 2275 et
1380 2240 1551 2275 claritate
1568 2239 1727 2285 notitiae,

945 2285 1033 2331 quia
1057 2286 1141 2331 plus
1179 2296 1292 2331 quam
1318 2288 1505 2333 Propheta
1536 2287 1622 2322 fuit.
1655 2288 1727 2324 Sed

944 2333 1041 2377 quid
1045 2335 1174 2368 emistis
1188 2334 1310 2368 videre
1319 2336 1336 2368 ἶ)
1348 2336 1565 2378 Prophetam
1574 2337 1591 2368 ?
1602 2336 1730 2370 Etiam

943 2380 1154 2415 dicovobis:
1170 2381 1355 2425 propheta
1373 2381 1633 2426 quidemtuit
1637 2380 1730 2427 quia

943 2427 1135 2462 Christum
1158 2427 1329 2472 praevidit
1352 2431 1387 2462 et
1415 2427 1599 2473 predixit,
1624 2428 1732 2474 quod

942 2473 1056 2508 etalii
1073 2474 1270 2526 Prophetae
1289 2474 1478 2517 lecerunt3
1498 2475 1597 2510 unde
1617 2485 1733 2520 supra

943 2519 1150 2556 dictumest
1165 2521 1232 2556 de
1226 2532 1328 2566 ipso
1347 2524 1411 2561 Τιι,
1430 2533 1532 2566 puer,
1549 2524 1732 2567 Propheta

944 2567 1129 2602 Altissimi
1149 2569 1344 2604 vocaberis.
1370 2570 1441 2604 Seri
1463 2568 1568 2604 addit
1597 2569 1724 2604 Domi-

942 2625 1026 2658 nus,
1050 2618 1083 2650 et
1097 2616 1184 2660 plus
1202 2627 1312 2661 quam
1330 2618 1558 2660 Prophetum.
1577 2616 1728 2659 Quare?

942 2661 1082 2707 Primo,
1107 2662 1194 2707 quia
1212 2673 1233 2698 a
1258 2664 1333 2698 Deo
1352 2674 1418 2709 per
1438 2663 1623 2707 Angelum
1643 2673 1727 2708 pro-

941 2709 1117 2754 phetatus
1132 2709 1223 2753 fuit;
1248 2711 1427 2751 secundo,
1449 2711 1537 2755 quia
1558 2710 1595 2745 in
1614 2713 1720 2745 utero

942 2755 1071 2791 matris
1086 2758 1315 2803 prophetare
1335 2758 1470 2802 rcepit3
1493 2756 1616 2800 lertio,
1634 2756 1722 2801 quia

943 2803 1042 2839 filius
1089 2804 1146 2840 vel
1191 2804 1277 2840 finis
1317 2806 1592 2850 Prophetarum
1632 2804 1725 2848 fuit;
