1894 3186
628 192 679 226 DE
719 193 915 227 MULIERE
954 193 1256 228 SAMAMTAM.

125 263 283 308 vestitae,
306 266 342 300 et
358 264 514 315 maturae
537 263 588 297 ad
605 272 753 299 messem
767 266 811 299 ⁴et
835 273 911 300 me-

125 311 279 348 tendum
315 312 392 346 Hoc
405 310 554 345 dicebat
574 314 727 355 propter
747 311 912 347 Samari-

124 362 234 395 tanos
267 357 315 395 ad
342 357 467 403 ipsum
487 356 696 401 venientes,
731 368 826 403 quos
846 369 912 394 vo-

124 405 222 442 cavit
259 409 404 450 segetes
447 404 553 441 albas
594 407 631 440 et
669 409 821 451 paratas
864 405 911 441 ad

126 463 300 497 messem,
321 452 359 487 id
378 454 435 487 est
469 454 622 498 paratos
643 456 680 489 et
709 452 911 499 dispositos

123 501 170 537 ad
193 499 437 536 credendum.

174 562 213 584 10
235 548 538 583 SAnARwANoncM
559 557 768 583 co-xvmism.
787 567 834 574 -
851 549 911 584 Ea:

121 597 270 630 civitate
309 598 430 630 autem
474 595 555 638 illa,
597 605 680 640 quae
715 594 912 631 dicebatur

115 641 284 686 Sichem,
312 643 420 677 multi
449 643 767 679 Samaritanorum
793 643 911 678 credi-

122 690 254 725 derunt
276 691 313 724 z'u
337 700 430 733 cum,
464 692 615 736 propter
656 690 803 725 verbum
830 701 909 725 mu-

121 738 223 772 lier-is
257 738 505 772 testimonium
541 737 796 783 perhibentis:
818 737 911 780 Quia

120 785 221 820 discit
257 785 351 819 mihi
388 786 510 819 omnia
551 795 785 829 quaecumque
823 786 908 829 feci,

119 842 203 877 quae
235 831 349 867 etiam
376 832 521 867 occulta
541 834 662 867 erant.
702 833 789 868 Cum
828 842 910 876 erqo

114 879 359 922 Samarithz‘,
396 878 526 914 audita
559 879 659 915 sama
682 878 833 924 Christi,
863 880 911 914 ud

116 927 223 961 illum
259 928 453 968 venissent,
490 930 710 970 royaverzmt
747 937 839 966 eum,
871 930 910 962 ut

117 974 169 1008 ibi
187 977 366 1015 muueret;
389 978 425 1009 et
444 973 496 1008 sic
515 974 561 1009 ab
574 984 617 1009 eo
630 973 911 1009 instruerentur

116 1020 264 1065 melius,
288 1024 321 1056 et
356 1020 457 1056 firmi
478 1020 516 1056 in
542 1020 616 1056 fide
644 1021 792 1056 fierent.
818 1022 910 1057 Ecce

117 1068 266 1103 devotio
288 1068 503 1104 auditorum
524 1079 531 1103 ι
569 1067 670 1114 quia,
692 1072 845 1114 accepta
864 1068 910 1103 fi-

116 1115 176 1158 de,
199 1115 463 1151 desiderabant
484 1126 551 1161 per
582 1116 663 1161 ejus
697 1115 908 1151 doctrinam

115 1162 276 1208 amplius
296 1163 491 1197 informari
510 1163 557 1198 ad
576 1173 683 1198 snam
704 1162 907 1198 confirma-

117 1209 270 1245 tionem.
304 1211 343 1244 In
380 1210 515 1254 quibus
551 1209 738 1252 omnibus,
768 1220 787 1244 e
815 1220 907 1245 con-

117 1255 245 1300 trario,
277 1256 449 1301 arguitur
491 1256 631 1292 duritia
672 1256 904 1301 Jndaeorum,

117 1303 181 1349 qui
200 1303 238 1338 in
265 1303 441 1339 omnibus
468 1303 637 1339 fecerunt
658 1303 903 1339 contrarIum.

119 1350 225 1386 Unde
260 1352 531 1395 Clunysostomus
552 1364 561 1386 :
587 1365 605 1384 «
627 1350 686 1386 Sic
714 1361 803 1396 ergo
826 1352 905 1387 solo

118 1397 285 1433 mulieris
304 1398 519 1433 testimonio
538 1398 747 1441 credentes,
767 1402 802 1434 et
824 1398 906 1433 1101-

116 1445 193 1481 1001
228 1445 374 1490 signum
401 1445 584 1490 videntes,
613 1445 796 1490 exierunt,
837 1446 905 1481 de-

118 1497 311 1539 precantes
334 1492 536 1537 Christum,
560 1497 599 1528 ut
619 1493 717 1538 apud
738 1503 802 1528 eos
824 1503 902 1529 ma-

118 1544 224 1575 neret
240 1551 249 1583 3
269 1539 388 1575 ι1011εο1
404 1551 507 1583 vero,
526 1539 706 1575 miracula
718 1539 901 1584 videntes,

117 1586 243 1622 onmia
264 1590 436 1633 egerunt,
458 1590 496 1623 ut
535 1598 557 1623 a
582 1586 736 1632 regione
773 1597 902 1622 eorum

118 1644 203 1670 enm
233 1635 454 1680 abjicerent.
497 1635 541 1670 Et
578 1635 697 1670 Judaei
735 1634 900 1679 quidem,

116 1681 230 1716 etiam
266 1681 354 1717 visis
392 1680 522 1727 signis,
558 1680 758 1717 incorrecti
793 1692 902 1717 man-

117 1731 270 1771 serunt3
295 1728 332 1763 hi
355 1733 482 1764 autem
504 1732 541 1764 et
569 1728 649 1764 5100
668 1727 783 1773 signis
804 1729 903 1764 mul-

116 1779 192 1811 tam
216 1775 314 1812 circa
351 1786 436 1811 eum
475 1776 590 1811 fidem
624 1775 903 1812 demonstrave-

116 1826 215 1859 runt.
244 1837 262 1855 >³
291 1825 338 1859 Et
365 1822 608 1868 acquiescens
634 1822 814 1859 Dominus
842 1834 902 1869 110-

114 1870 209 1906 11001
232 1880 376 1914 eorum,
394 1881 476 1915 quae
499 1874 578 1906 erat
595 1871 754 1907 honesta
780 1875 815 1906 et
836 1872 900 1907 110-

118 1921 216 1962 vota,
237 1921 373 1953 mansit
394 1919 460 1961 ibi,
477 1918 576 1963 apud
598 1928 677 1961 005,
700 1918 789 1963 quia
803 1929 902 1954 sem-

116 1975 183 2011 per
202 1964 381 2001 satisfacit
403 1965 547 2001 devotis
568 1965 606 2001 in
627 1965 797 2001 oratione
819 1976 900 2006 sua,

116 2022 184 2057 per
207 2013 297 2047 duos
324 2013 414 2055 dies,
436 2017 590 2058 propter
615 2012 690 2048 duo
713 2017 903 2058 praecepta

118 2059 299 2103 caritatis,
335 2058 471 2104 quibus
504 2059 658 2096 instruit
689 2060 899 2095 credentes.

116 2106 262 2142 Tertius
289 2110 414 2142 autem
448 2106 528 2142 dies
557 2110 614 2143 est
640 2106 720 2142 dies
755 2107 901 2153 gloriae,

116 2153 212 2190 etin
238 2154 310 2190 1100
347 2164 424 2189 0011
460 2154 599 2191 mansit
633 2154 788 2199 ibidem,
816 2154 903 2201 qnia

117 2200 344 2237 Samaritani
391 2202 561 2238 nondum
606 2205 713 2238 erant
748 2212 904 2247 capaces

114 2247 258 2294 gloriae.
285 2249 343 2284 Sic
365 2252 402 2284 et
424 2249 535 2285 hodie
562 2248 729 2295 quotidie
755 2249 903 2295 mulier,

115 2295 153 2331 id
174 2299 231 2331 est
262 2295 442 2340 Ecclesia,
487 2296 545 2333 his
581 2296 646 2343 qui
686 2296 777 2332 foris
819 2299 906 2332 sunt

107 2343 304 2379 ‘Christum
321 2342 520 2380 annuntiat
538 2355 547 2388 ;
568 2343 731 2380 10111001
743 2343 790 2380 ad
805 2343 907 2380 Chri-

116 2392 215 2425 stum
234 2400 301 2436 per
323 2389 476 2435 famam,
497 2393 533 2427 et
553 2391 711 2428 credunt
726 2390 766 2427 10
788 2401 877 2427 eum
895 2402 903 2435 ;

115 2439 153 2472 et
166 2437 334 2473 Christus
352 2441 559 2484 manetper
578 2438 774 2475 caritatem
794 2437 907 2474 biduo

118 2483 222 2530 apud
240 2483 339 2527 illos,
376 2485 447 2521 hoc
469 2488 526 2522 est
546 2485 611 2522 dat
634 2485 688 2522 eis
716 2486 791 2522 duo
815 2496 909 2532 prae-

118 2533 226 2577 cepta
245 2531 426 2576 caritatis,
446 2531 588 2569 scilicet
609 2532 822 2569 dilectionis
841 2531 909 2568 Dei

116 2580 155 2613 et
178 2577 350 2624 proximi,
372 2579 411 2615 in
432 2579 567 2625 quibus
585 2580 749 2627 pendent
775 2581 848 2616 Lex
873 2583 909 2615 et

118 2625 332 2671 Prophetae,
345 2628 536 2672 Rogemus
564 2637 650 2664 eum
682 2631 722 2664 et
753 2638 837 2671 005,
868 2629 910 2663 ut

119 2674 156 2706 et
178 2672 375 2709 nobiscum
407 2674 501 2711 duos
531 2674 612 2712 dies
626 2678 796 2719 maneat,
818 2684 909 2720 qua-

118 2721 226 2755 tenus
261 2719 334 2756 duo
367 2725 556 2768 praecepta
587 2721 770 2765 caritatis,
798 2721 908 2757 item-

113 2774 193 2810 ·que
205 2765 367 2803 ⁴duorum
380 2769 706 2806 Testamentornm
717 2769 852 2812 fidem,
874 2771 911 2804 et

119 2821 249 2849 amare
264 2816 306 2849 >et
322 2818 453 2852 tenere
472 2827 543 2852 nos
560 2816 707 2854 doceat.
730 2818 778 2852 Et
795 2817 909 2852 multo

203 2876 297 2910 Vin
320 2878 409 2912 Jnsn
426 2878 584 2920 Cnmsn,
608 2889 722 2913 ’1111105
742 2880 786 2911 ll.

1708 201 1767 235 1⁶29

974 264 1098 309 plures
1120 273 1232 309 quam
1257 262 1295 299 in
1315 264 1499 312 principio
1520 267 1765 312 crediderunt,

974 313 1013 345 in
1035 322 1113 346 eum
1130 314 1281 356 propter
1311 322 1508 349 Sermonem
1541 315 1634 361 ejus,
1656 327 1767 363 quem

975 357 1072 394 sicut
1097 358 1213 394 verba
1235 358 1320 394 vitae
1357 362 1609 405 praeferebant
1642 364 1768 401 verbis

974 404 1157 450 mulieris,
1177 404 1264 450 quia
1280 417 1479 452 numquam
1494 411 1547 444 sic
1562 412 1701 446 locutus
1712 415 1769 447 est

975 454 1075 488 homo
1082 479 1153 489 .....
1175 455 1223 488 Et
1254 455 1403 489 mulieri
1434 456 1637 494 dicebant:
1667 459 1765 501 Quia

969 500 1049 546 jam
1071 503 1220 546 propter
1239 501 1420 546 loquelam
1442 506 1541 538 tuam
1556 515 1627 540 non
1648 506 1764 541 credi-

974 558 1067 591 mus,
1104 557 1187 593 quae
1201 546 1295 583 nihil
1327 552 1385 584 est
1418 548 1455 585 in
1481 552 1765 598 comparatione

975 595 1058 641 ejus
1079 595 1181 640 quod
1216 594 1403 632 videmus.
1448 597 1549 633 Licet
1587 599 1686 634 enim
1715 609 1764 635 ,011

975 642 1145 679 doctrina
1179 641 1339 689 alicujus
1375 642 1578 680 inducatur
1604 645 1687 691 quis
1716 647 1765 683 ad

975 690 1222 734 credendum,
1241 690 1338 726 fides
1353 693 1485 727 tamen
1500 693 1708 729 secundum
1727 704 1767 730 se

976 737 1150 773 innititur
1178 736 1316 774 divinae
1336 738 1501 783 veritati,
1528 749 1595 775 500
1623 739 1766 784 virtuti,

975 784 1021 820 ad
1049 784 1087 820 id
1124 784 1224 830 quod
1262 783 1382 821 credit
1419 786 1651 822 firmandum
1686 789 1767 833 Ipsi

975 834 1069 866 enim
1097 831 1258 868 exterius
1292 836 1329 869 et
1365 832 1524 869 interius
1557 835 1768 870 azcdicimus

975 878 1170 924 sapientiae
1189 880 1306 915 verba
1324 880 1371 916 ab
1396 879 1476 925 ipso
1497 880 1560 926 1101
1583 885 1640 917 051
1666 882 1765 918 Deus

974 932 1011 962 et
1025 928 1136 962 homo
1152 938 1160 969 ;
1176 930 1210 962 et
1224 928 1372 970 scimus,
1387 927 1547 963 tirmiter
1558 929 1763 973 credendo,

975 973 1120 1026 quia-in
1141 974 1214 1010 fide
1235 978 1290 1026 est
1302 974 1423 1019 major
1437 975 1620 1011 certitudo
1640 976 1766 1012 0111110-

974 1026 1107 1056 rentiae
1128 1031 1242 1067 quam
1263 1032 1302 1056 111
1329 1021 1500 1067 scientia,
1517 1026 1554 1057 et
1578 1022 1664 1068 qnia
1684 1034 1761 1059 non

975 1067 1113 1104 sufficit
1154 1068 1265 1104 corde
1305 1069 1472 1114 credere,
1513 1069 1579 1104 sed
1617 1073 1765 1115 oportet

974 1115 1088 1150 fidem
1107 1115 1278 1150 confiteri
1302 1126 1366 1151 ore
1387 1127 1394 1159 ;
1418 1115 1503 1151 ideo
1525 1116 1638 1152 fidem
1659 1127 1765 1152 snam

973 1162 1214 1206 confitentur,
1255 1161 1437 1198 dicendo:
1475 1165 1564 1208 quia
1596 1165 1667 1207 hic,
1696 1174 1765 1209 per

971 1209 1217 1244 eminentiam
1242 1209 1488 1254 singularem,
1517 1213 1568 1245 est
1589 1221 1669 1245 vere
1685 1212 1765 1247 Sal-

972 1261 1164 1301 mamper
1175 1256 1382 1292 efficaciam
1393 1258 1762 1302 salutaremstnundi,

969 1314 1036 1349 per
1059 1302 1300 1339 influentiam
1321 1306 1554 1349 generalem.

1022 1365 1057 1386 11
1088 1352 1153 1386 Pii
1172 1362 1280 1387 00105
1297 1363 1472 1387 0151011111
1490 1363 1695 1388 1010111110.
1713 1373 1761 1378 -

970 1397 1152 1443 Conspice
1169 1409 1267 1434 nunc
1285 1398 1488 1434 Dominum
1506 1401 1648 1443 Jesum,
1671 1399 1759 1445 quia

968 1444 1181 1481 itinerando
1204 1456 1279 1481 non
1302 1447 1481 1482 utebatur
1497 1446 1759 1492 subjugalibus

967 1498 1029 1527 aut
1063 1492 1237 1536 vecturis,
1261 1493 1326 1528 sed
1346 1493 1505 1537 pedibus
1542 1494 1757 1539 incedebat,

967 1550 1013 1574 ne
1042 1539 1166 1584 gravis
1196 1543 1294 1575 esset
1319 1540 1378 1575 1115
1398 1540 1445 1575 ad
1475 1551 1568 1586 quos
1592 1541 1759 1577 declina-

967 1587 1052 1629 liat3
1081 1590 1117 1622 et
1155 1587 1342 1631 quomodo
1370 1586 1548 1632 fatigatus
1586 1588 1697 1633 plane
1724 1592 1761 1624 et

966 1644 1114 1669 morose
1144 1633 1297 1678 incedit,
1326 1644 1369 1669 ac
1402 1635 1557 1670 tandem
1583 1635 1631 1670 ad
1653 1634 1757 1681 quio-

967 1681 1147 1716 scendum
1175 1691 1286 1726 super
1318 1684 1474 1727 puteum
1497 1692 1535 1718 se
1574 1681 1691 1727 ponit.
1712 1683 1757 1718 10

967 1729 1035 1763 hoc
1060 1739 1147 1773 ergo
1164 1728 1264 1773 quod
1276 1727 1453 1773 fatigatus
1467 1732 1582 1765 estex
1602 1728 1753 1771 itinere,

966 1776 1078 1811 datur
1098 1775 1206 1811 nobis
1222 1776 1432 1822 exemplum
1449 1787 1526 1812 non
1542 1775 1755 1821 refugiendi

966 1823 1135 1858 laborem
1157 1833 1226 1869 pro
1260 1822 1422 1859 aliorum
1447 1824 1588 1866 salute,
1625 1823 1755 1859 simul-

966 1881 1037 1915 que
1066 1870 1175 1905 datur
1199 1873 1234 1906 et
1255 1870 1486 1916 paupertatis
1509 1871 1720 1917 exemplum
1746 1883 1754 1906 :

967 1919 1055 1963 quia
1076 1916 1305 1963 praedicabat
1325 1921 1361 1953 et
1378 1917 1534 1954 sedebat
1555 1917 1622 1962 sic,
1642 1922 1756 1964 prout

966 1964 1135 2011 contigit,
1155 1965 1261 2010 Juxta
1285 1968 1454 2011 puteum,
1477 1975 1592 2011 super
1611 1964 1755 2001 nudum

965 2012 1109 2056 locum,
1137 2011 1244 2058 quasi
1273 2012 1385 2056 dicat,
1409 2013 1618 2049 secundnm
1639 2013 1756 2057 Chry-

964 2065 1171 2101 sostomum,
1193 2070 1271 2095 non
1294 2061 1331 2095 10
1357 2061 1509 2104 throno,
1537 2063 1602 2096 aut
1631 2059 1753 2104 pulvi-

966 2107 1063 2150 nari,
1087 2106 1153 2142 sed
1174 2105 1394 2153 simpliciter
1407 2107 1513 2153 juxta
1530 2110 1700 2153 puteum,
1717 2111 1754 2143 01

967 2158 1005 2189 ut
1034 2153 1289 2199 contingebat,
1319 2164 1432 2200 super
1456 2157 1612 2190 terram.
1645 2155 1754 2200 Saepe

967 2200 1144 2246 fatigatus
1166 2203 1223 2237 est
1255 2201 1436 2237 Dominus
1456 2203 1582 2246 Jesus,
1612 2204 1650 2237 et
1674 2203 1755 2237 tota

967 2248 1043 2283 vita
1064 2258 1131 2284 sua
1154 2247 1191 2283 in
1207 2251 1431 2294 paupertate
1457 2251 1494 2284 et
1514 2248 1644 2285 labore
1667 2247 1751 2284 fuit.

969 2296 1072 2331 Unde
1098 2294 1297 2332 psalmista
1329 2295 1369 2332 in
1406 2306 1571 2342 persona
1597 2293 1721 2341 ipsius
1745 2306 1753 2330 :

967 2345 1111 2388 Pauper
1129 2353 1208 2378 sum
1229 2353 1305 2387 eqo,
1330 2346 1363 2379 et
1383 2344 1423 2378 in
1444 2343 1631 2378 [roboribus
1644 2342 1754 2387 aju-

969 2394 1112 2426 ventute
1134 2400 1226 2425 mea.
1248 2389 1355 2426 Unde
1377 2393 1413 2426 et
1430 2389 1531 2426 idem
1551 2390 1757 2434 chrysosto-

970 2448 1048 2473 mus
1073 2449 1079 2472 z
1106 2451 1124 2470 ‹<
1149 2436 1318 2474 Christus
1342 2437 1456 2482 igitur
1480 2437 1519 2473 in
1546 2435 1757 2474 Samariam

971 2484 1165 2529 accedens,
1181 2484 1329 2520 facilem
1351 2488 1388 2520 et
1405 2484 1624 2521 deliciosam
1638 2483 1759 2520 vitam

971 2531 1165 2578 abjiciens,
1185 2531 1416 2568 laboriosam
1427 2543 1516 2567 vero
1533 2534 1571 2567 et
1591 2529 1759 2567 strictam

972 2589 1148 2624 sequens,
1163 2589 1241 2615 non
1262 2578 1518 2625 subjugalibus
1538 2577 1670 2622 utitur,
1690 2576 1760 2613 5011

971 2626 1023 2662 ita
1043 2626 1165 2663 valide
1182 2630 1222 2663 et
1243 2625 1447 2662 difficulter
1463 2625 1619 2669 incedit,
1645 2627 1689 2660 ut
1715 2633 1761 2658 ex

972 2675 1104 2710 itinere
1125 2673 1317 2720 fatigetur.
1331 2674 1386 2709 Ex
1400 2674 1472 2709 hoc
1491 2672 1620 2718 utique
1632 2669 1761 2707 erudit

973 2731 1012 2757 se
1035 2724 1272 2767 operatorem
1292 2731 1389 2766 esse,
1415 2723 1452 2756 et
1470 2730 1547 2756 non
1564 2717 1761 2764 superflua

971 2772 1113 2814 petere,
1140 2771 1178 2804 et
1215 2779 1292 2804 non
1326 2767 1454 2804 multis
1489 2765 1672 2811 indigere.
1697 2764 1761 2799 Jta

973 2816 1074 2852 enim
1107 2815 1184 2852 vult
1213 2825 1235 2852 a
1271 2814 1472 2861 superfluis
1501 2813 1654 2850 alienos
1688 2820 1761 2846 nos

1656 2875 1676 2909 9
