1894 3186
113 203 167 236 188
591 203 736 237 PRIMAE
774 203 929 237 PARTIS
968 202 1103 235 CAPUT
1140 201 1256 234 LXIX

112 274 148 308 et
167 270 369 316 aliquando
382 270 579 307 manifesto
592 271 779 317 adjutorio
798 271 888 308 libe-

112 321 183 354 rat.
206 319 287 353 Non
323 317 423 352 enim
450 318 573 354 aufert
598 318 789 359 auxilium,
816 318 886 355 etsi

112 365 159 401 ad
179 367 327 410 tempus
347 364 514 409 differat;
540 376 615 400 non
645 366 885 412 derelinquit,

112 411 182 447 etsi
209 411 436 457 quandoque
475 422 672 458 pressuras
714 418 885 458 exponat.

113 458 284 494 Diluculo
307 461 432 494 autem
451 459 791 505 appropinquante,
814 462 888 495 Do-

111 504 238 541 minus
258 516 374 551 supra
390 516 493 541 mare
520 506 719 541 ambulans
734 509 771 541 et
788 517 889 551 pres-

111 562 220 588 suras
244 552 361 588 seculi
395 552 663 599 comprimens,
706 553 809 588 venit
841 553 885 588 ad

113 609 204 643 eos;
228 599 315 644 quia
355 610 438 635 cum
480 602 592 635 homo
638 602 802 635 mentem
841 600 888 635 ad

113 645 265 691 superni
315 647 440 682 lumen
481 645 649 693 paraesidii
713 646 886 690 erexerit,

112 692 232 729 aderit
274 693 466 738 Dominus,
513 693 573 738 qui
614 693 709 728 sicut
744 693 890 728 Lucifer

112 739 323 776 matutinus
358 751 489 776 omnes
506 740 683 775 tenebras
715 740 833 785 pellit,
852 743 889 775 et

110 786 278 832 pericula
298 787 551 822 tentationum
584 797 732 822 cessare
770 787 885 831 sacit3

114 835 190 869 Deo
223 833 321 869 enim
343 836 544 879 praesente,
566 833 788 878 pacificatur
807 833 888 869 ani-

111 890 186 923 ma,
210 884 246 915 et
268 881 308 914 fit
330 880 544 926 tranquilla.
575 879 667 922 Quia
694 891 782 915 vero
809 881 889 916 liaec

111 927 283 962 navicula
304 937 379 961 non
395 929 587 973 torpentes
600 927 713 970 vehit,
737 927 802 962 sed
817 928 889 963 for-

111 974 200 1008 titer
234 973 479 1018 remigantes,
509 973 745 1018 significatur
788 974 887 1019 quod

109 1020 147 1055 in
170 1020 336 1055 Ecclesia
356 1031 431 1055 non
467 1019 646 1055 desidiosi
669 1024 703 1055 et
738 1021 885 1065 molles,

109 1067 176 1102 sed
198 1067 312 1102 fortes
333 1070 370 1103 et
408 1066 447 1102 in
466 1066 576 1103 bonis
598 1066 775 1112 operibus
800 1078 886 1113 per-

109 1118 338 1153 severantes,
381 1113 603 1159 perveniunt
640 1113 689 1149 ad
735 1118 886 1160 portum

114 1163 264 1197 aeternae
275 1160 418 1196 salutis.

157 1223 176 1253 7
194 1209 419 1251 Mommsen,
433 1219 499 1243 PER
519 1218 718 1243 NAVicunAu
734 1220 890 1245 rucum-

110 1265 178 1289 Tun
200 1266 420 1290 rusmrnmm
438 1266 506 1289 VEL
537 1266 668 1290 conpus
701 1267 886 1301 nnuman,

109 1312 176 1336 PER
193 1313 285 1336 MARE
306 1313 445 1337 nunnus
466 1313 507 1336 nr
535 1312 730 1338 mssmxun
759 1314 888 1340 MOTUS.

110 1368 156 1373 —
182 1348 386 1393 Moraliter,
408 1359 512 1384 mare
538 1349 700 1384 mundus
721 1353 795 1393 est;
819 1360 888 1385 na—

110 1394 231 1430 vicula
274 1405 381 1437 vero,
422 1394 646 1441 pcenitentia
695 1397 752 1431 vel
799 1407 886 1431 crux

112 1441 276 1485 Christi3
303 1445 426 1477 motus
450 1445 577 1477 autem
604 1442 733 1486 maris,
761 1446 888 1479 motus

111 1491 169 1524 est
189 1488 439 1523 tentationum
462 1499 504 1523 ex
524 1490 615 1524 flatu
637 1489 851 1525 daemonum
878 1501 887 1525 z

111 1534 286 1580 discipuli
300 1538 388 1570 sunt
406 1534 443 1570 in
463 1535 564 1578 navi,
590 1535 677 1581 quia
702 1536 889 1582 poeniten-

110 1580 177 1625 tia,
201 1592 284 1626 quae
330 1584 386 1617 est
420 1582 660 1628 participatio
699 1583 817 1619 crucis
852 1587 889 1619 et

111 1628 305 1663 Passionis
330 1628 479 1669 Christi,
517 1639 591 1664 nou
624 1629 791 1665 continet
817 1630 887 1665 nisi

108 1674 315 1720 discipulos
334 1675 483 1711 Domini
501 1687 509 1719 3
545 1677 652 1712 Jcsus
674 1687 749 1711 non
771 1680 826 1712 est
847 1676 886 1712 in

110 1721 210 1764 navi,
233 1722 320 1767 quia
335 1721 557 1768 poenitentia
578 1733 653 1758 non
669 1722 824 1769 indiget,
842 1734 885 1759 eo

111 1768 211 1814 quod
237 1779 353 1814 aquas
377 1769 688 1815 concupiscentia}
717 1770 885 1806 calcavit.

111 1816 199 1850 Haec
240 1818 295 1851 est
328 1816 492 1851 secunda
523 1816 651 1851 tabula
679 1820 763 1861 post
795 1828 886 1852 nau-

110 1861 287 1907 fragium,
319 1865 360 1897 ut
394 1862 484 1897 dicit
522 1864 775 1907 Hieronymus,
805 1863 887 1899 sine

111 1917 199 1954 qua,
225 1909 349 1944 nullus
391 1908 493 1944 venit
530 1909 577 1944 ad
615 1909 716 1944 littus
757 1910 886 1946 solidae

111 1954 347 1990 aeternitatis.
366 1957 489 1999 Jesus,
511 1960 641 1991 auctor
663 1956 793 1992 salutis
826 1957 883 1992 iu-

108 2000 211 2038 ducit
235 2001 560 2048 tranquillitatem,
582 2002 759 2048 quoniam
781 2005 887 2040 sedat

109 2048 376 2093 tentationem3
393 2051 511 2085 turbae
531 2050 778 2094 admirantur,
798 2051 885 2097 quia

113 2095 206 2130 nihil
233 2096 316 2131 talis
337 2096 618 2142 tranquillitatis
646 2097 682 2132 in
709 2108 748 2133 se
774 2109 883 2143 expc-

110 2141 262 2178 riuntur
285 2156 295 2178 :
323 2146 404 2181 Non
425 2148 477 2179 est
518 2143 618 2179 enim
649 2156 725 2190 pam
745 2147 881 2190 impiis.

114 2189 261 2233 Petrus,
285 2191 483 2226 ambulans
509 2202 620 2237 super
659 2202 809 2237 aquam,
830 2192 882 2227 nil

111 2235 200 2271 mali
221 2247 353 2281 passus
374 2240 430 2273 est
449 2238 495 2273 ab
510 2249 620 2283 aqua,
643 2241 708 2274 sed
729 2250 751 2274 a
772 2243 883 2274 vento

112 2282 176 2327 qui
192 2293 277 2318 eum
297 2284 375 2319 sere
387 2285 589 2320 submersit
603 2296 611 2328 ;
635 2285 686 2320 sic
699 2285 882 2331 homines,

112 2329 338 2365 ambulando
360 2341 470 2376 super
496 2342 631 2377 aquam
654 2332 795 2376 mundi,
817 2343 885 2379 per

111 2378 369 2421 contemptum
404 2377 633 2422 divitiarum,
669 2379 719 2414 nil
749 2381 795 2415 ab
829 2380 883 2415 eis

112 2422 201 2457 mali
222 2423 426 2468 patiuntur,
443 2425 580 2460 debent
600 2429 725 2461 tamen
750 2426 883 2462 timere

110 2468 317 2520 periculum
356 2471 458 2506 venti
498 2472 682 2517 superbiae
718 2476 754 2508 et
808 2473 881 2509 ela-

110 2514 240 2560 tionis,
276 2520 430 2562 propter
469 2523 723 2564 contemptum
759 2520 887 2565 hujus-

110 2561 212 2598 modi
234 2563 479 2609 exsurgentis.
504 2566 579 2600 Hoc
598 2566 733 2601 debent
753 2566 885 2603 timere

108 2608 177 2654 illi,
199 2610 261 2655 qui
288 2610 326 2645 in
349 2613 508 2656 angusta
526 2612 746 2657 poenitentia
765 2614 823 2648 vel
846 2613 885 2649 in

108 2656 293 2701 religione
309 2661 409 2701 sunt,
428 2661 464 2694 et
484 2659 882 2704 terrenadimiserunt,

110 2704 148 2738 et
180 2703 351 2748 pedibus,
386 2704 423 2740 id
450 2708 506 2740 est
541 2705 820 2750 affectionibus,
848 2710 885 2742 et

112 2748 310 2786 desideriis
348 2751 483 2797 quibus
533 2751 663 2788 anima
698 2752 883 2798 graditur,

110 2805 221 2843 super
242 2808 358 2844 aquas
378 2798 591 2844 ambulant,
623 2810 670 2836 ne
692 2803 803 2836 vento
826 2811 885 2837 su-

958 270 1112 315 perbiae,
1142 270 1343 315 agitentur,
1367 273 1403 306 et
1423 271 1730 317 submergantur.

960 318 1062 352 Unde
1075 316 1193 362 primo
1212 316 1354 353 homini
1374 317 1463 353 Adae
1484 318 1623 353 dictum
1640 321 1696 353 est
1718 329 1727 353 :

959 366 1207 399 Dominamim’
1238 366 1419 400 universis
1443 376 1522 409 quae
1546 368 1733 400 moventur

961 421 1069 456 super
1089 414 1234 446 terram.
1258 431 1300 437 —
1323 413 1414 447 Item
1434 411 1640 456 moraliter,
1669 421 1732 446 na-

961 457 1016 492 vis
1037 461 1092 493 est
1113 469 1246 504 corpus
1266 459 1485 501 humanum,
1507 458 1545 494 in
1563 470 1635 504 quo
1656 457 1735 494 ani-

961 515 1023 540 ma
1043 507 1099 540 est
1115 504 1209 540 sicut
1228 508 1344 541 nauta
1363 505 1401 540 in
1429 505 1530 549 navi,
1555 516 1637 551 quae
1664 506 1733 540 flu-

962 551 1082 587 ctibus
1115 551 1334 597 passionum
1377 551 1442 587 irae
1482 556 1519 588 et
1558 551 1734 598 concupi-

962 598 1129 643 scentiae,
1143 609 1225 644 quae
1246 598 1283 634 in
1305 598 1456 643 organis
1477 599 1735 645 corporalibus

962 648 1064 689 sunt,
1094 647 1310 691 frequenter
1347 646 1564 692 impellitur,
1594 650 1629 682 et
1664 644 1734 681 ali-

963 693 1110 738 quando
1130 692 1385 737 periclitatur:
1406 703 1492 728 nam
1514 696 1638 728 motus
1654 703 1736 738 pas-

963 739 1077 774 sionis
1108 740 1312 784 aliquando
1347 739 1528 775 subvertit
1553 740 1734 785 judicium

962 786 1132 822 rationis.
1173 787 1258 831 Sed,
1294 790 1428 832 quarta
1468 786 1610 831 vigilia,
1647 796 1732 831 quae

962 833 1186 869 terminatur
1216 833 1255 868 in
1291 833 1372 868 luce
1399 833 1594 876 matutina,
1625 832 1733 869 Chri-

963 884 1041 916 stus
1061 880 1176 923 venit,
1199 880 1288 925 quia
1306 880 1395 915 dum
1417 891 1523 916 mens
1542 881 1589 916 ad
1609 890 1736 925 super-

962 926 999 961 ni
1029 926 1180 962 luminis
1211 927 1419 962 claritatem
1452 927 1577 962 oculos
1609 926 1734 972 erigit,

962 973 1179 1019 passionum
1212 973 1374 1019 impetus
1403 974 1661 1019 conquiescit;
1698 976 1736 1009 et.

961 1024 1051 1056 tunc
1073 1021 1114 1055 tit
1137 1020 1341 1065 applicatio
1362 1020 1409 1055 ad
1440 1024 1580 1056 terram
1613 1022 1733 1056 Gene-

962 1068 1106 1111 zarcth,
1132 1067 1169 1102 id
1193 1069 1247 1102 est
1275 1069 1481 1111 qenerantz‘s
1502 1079 1645 1111 auram,
1666 1077 1735 1113 per

962 1125 1074 1160 quam
1102 1113 1361 1160 significantur
1387 1114 1539 1159 spiritus
1560 1125 1663 1150 aurae
1685 1114 1736 1150 le-

963 1161 1036 1204 nis,
1056 1161 1119 1197 ubi
1155 1164 1210 1196 est
1242 1160 1446 1197 Dominus:
1475 1165 1512 1196 et
1554 1164 1735 1197 sanantur

962 1207 1101 1243 infirmi
1125 1219 1147 1243 a
1168 1208 1346 1253 languore
1381 1207 1536 1253 peccati.
1567 1208 1625 1244 Sic
1646 1218 1735 1253 ergo

962 1255 1095 1300 triplex
1115 1254 1175 1290 hic
1196 1253 1385 1290 concurrit
1404 1254 1639 1299 miraculum,
1668 1253 1735 1290 sci-

963 1302 1049 1337 licet
1081 1301 1286 1337 ambulatio
1310 1311 1422 1347 super
1456 1312 1572 1343 mare,
1611 1301 1735 1337 subita

963 1348 1194 1394 tempestatis
1213 1348 1372 1393 sedatio,
1395 1351 1430 1383 et
1450 1348 1553 1384 navis
1574 1349 1734 1385 multum

962 1406 984 1431 a
1004 1395 1287 1431 terradistantis
1308 1395 1511 1440 adportum
1528 1395 1700 1431 deductio
1722 1406 1731 1430 :

962 1446 1001 1477 ut
1020 1442 1206 1478 discamus
1232 1442 1330 1488 quod
1364 1442 1508 1486 fideles,
1532 1444 1568 1477 in
1597 1442 1734 1489 quibus

963 1492 1020 1524 est
1056 1489 1236 1530 Christus,
1258 1492 1443 1524 tumorem
1482 1490 1612 1525 mundi
1646 1499 1732 1535 pre-

962 1539 1086 1579 munt;
1108 1537 1242 1571 fluctus
1264 1535 1551 1571 tribulationum
1566 1536 1732 1579 calcant;

962 1586 998 1618 et
1041 1583 1217 1618 velociter
1257 1583 1304 1618 ad
1347 1585 1488 1618 terram
1527 1582 1734 1619 viventium

961 1633 1168 1665 transeunt.
1193 1629 1260 1665 Ubi
1283 1630 1513 1673 Auqustinus
1537 1641 1545 1666 :
1572 1644 1590 1662 «
1611 1631 1735 1666 Atten-

962 1676 1052 1719 dite,
1081 1676 1248 1712 seculum
1285 1676 1390 1721 quasi
1430 1687 1533 1712 mare
1554 1688 1562 1720 ;
1600 1679 1733 1712 ventus

961 1723 1108 1758 validus
1126 1727 1162 1758 et
1184 1733 1319 1768 magna
1339 1726 1555 1768 tempestas,
1583 1723 1734 1759 unicui-

961 1780 1031 1815 que
1052 1780 1118 1805 sua
1138 1770 1334 1815 cupiditas.
1355 1771 1468 1805 Amas
1491 1772 1632 1814 Deum3
1657 1780 1733 1806 am-

961 1816 1067 1851 bulas
1088 1827 1201 1861 super
1222 1827 1340 1859 mare,
1375 1817 1443 1852 sub
1470 1817 1626 1862 pedibus
1660 1817 1734 1852 tuis

933 1879 935 1881 ·
961 1867 1017 1898 est
1042 1863 1156 1898 seculi
1177 1863 1301 1898 timor.
1317 1864 1429 1898 Amas
1450 1865 1617 1900 seculum
1635 1875 1643 1907 ;
1667 1864 1734 1900 ab·

960 1911 1088 1946 sorbet
1108 1913 1158 1946 te.
1191 1911 1386 1945 Amatores
1404 1920 1490 1945 suos
1512 1921 1644 1946 vorare
1665 1921 1733 1946 no-

959 1957 1024 2001 vit,
1054 1968 1126 1992 non
1153 1960 1318 2003 portare.
1341 1957 1414 1993 Sed
1454 1968 1538 1993 cum
1578 1959 1735 1993 fluctuat

959 2004 1161 2049 cupiditate
1177 2015 1242 2039 cor
1254 2006 1418 2048 tuum,ut
1432 2004 1669 2040 vincastuam
1679 2015 1735 2040 cu-

958 2050 1166 2096 piditatem,
1188 2051 1321 2086 invoca
1333 2050 1467 2087 Christi
1485 2050 1731 2087 divinitatem.

958 2097 1064 2133 Disce
1084 2099 1227 2134 calcare
1260 2098 1448 2141 seculum;
1480 2100 1665 2133 memento
1688 2098 1732 2133 fi-

958 2146 1043 2180 dem
1065 2145 1204 2180 habere
1237 2144 1276 2180 in
1307 2145 1469 2180 Christo.
1492 2146 1536 2180 Et
1557 2145 1588 2180 si
1609 2148 1733 2181 motus

958 2195 1014 2228 est
1030 2201 1096 2237 pes
1114 2194 1212 2236 tuus,
1234 2191 1263 2226 si
1281 2190 1433 2234 titubas,
1453 2190 1482 2226 si
1496 2201 1632 2236 aquam
1655 2202 1732 2228 non

959 2249 1127 2284 superas,
1152 2238 1182 2273 si
1215 2237 1333 2283 mergi
1358 2237 1506 2283 incipis,
1529 2238 1588 2273 dic
1610 2253 1618 2275 :
1642 2239 1732 2274 Per-

957 2296 1017 2329 eo,
1033 2285 1151 2321 libera
1164 2295 1236 2321 me.
1262 2284 1327 2320 Dic
1343 2295 1351 2320 :
1368 2286 1500 2329 Pereo,
1523 2296 1569 2321 ne
1584 2295 1732 2331 pereas.

959 2332 1066 2369 Solus
1089 2331 1188 2367 enim
1225 2342 1248 2367 a
1284 2334 1404 2368 morte
1439 2331 1563 2367 carnis
1600 2332 1732 2368 liberat

958 2383 1008 2423 te,
1026 2380 1087 2425 qui
1106 2381 1276 2414 mortuus
1293 2382 1349 2414 est
1366 2378 1403 2414 in
1420 2389 1532 2414 carne
1548 2389 1615 2424 pro
1631 2382 1667 2415 te
1686 2390 1694 2414 :
1712 2393 1730 2411 »

958 2427 1038 2461 haec
1064 2426 1306 2469 Auqzcstinus.
1330 2424 1398 2460 Ubi
1425 2425 1513 2461 dicit
1539 2430 1575 2461 et
1600 2426 1698 2461 Beda
1721 2439 1731 2460 :

961 2487 980 2506 «
1016 2474 1088 2508 Nec
1120 2472 1346 2515 mirandum,
1371 2472 1416 2516 si,
1437 2473 1664 2508 ascendente
1692 2471 1732 2508 in

959 2519 1169 2556 naviculam
1188 2517 1366 2560 Domino,
1388 2522 1522 2555 ventus
1549 2517 1728 2561 cessavit,-

959 2567 997 2602 in
1018 2575 1251 2618 quocumque
1278 2566 1376 2601 enim
1397 2566 1508 2601 corde
1536 2567 1633 2602 Deus
1664 2576 1732 2611 per

959 2613 1119 2660 gratiam
1146 2623 1201 2649 sul
1221 2611 1327 2648 adest
1355 2612 1508 2657 amoris,
1541 2623 1625 2648 mox
1645 2611 1730 2648 uni-

961 2671 1069 2696 versa
1089 2659 1262 2695 vitiorum
1288 2662 1325 2694 et
1357 2659 1591 2695 adversantis
1617 2669 1727 2694 mun-

959 2707 1010 2752 di,
1031 2707 1108 2743 sive
1129 2706 1326 2752 spirituum
1347 2706 1612 2751 malignorum,
1632 2705 1730 2742 bella

960 2764 1173 2800 compressa
1211 2752 1418 2799 quiescunt.
1462 2766 1480 2784 »
1513 2754 1570 2797 Et,
1603 2755 1644 2788 ut
1679 2751 1730 2787 ait

962 2802 1192 2848 Theophilus,
1222 2799 1254 2836 si
1278 2799 1508 2837 voluerimus
1542 2799 1731 2836 Christum
