1894 3186
0 109 11 189 -μᾼξῑ
0 94 5 102 -·

316 188 420 222 DOM.
460 188 708 222 EXCITATUS
746 189 768 221 A
805 189 946 222 SOMNO
986 188 1176 222 IMPERAT
1215 189 1374 221 VENTIS
1413 191 1462 222 ET
1500 188 1628 223 MARI.
1757 189 1787 221 11

161 262 198 295 et
227 258 285 294 sac
319 270 377 294 ine
400 269 530 294 verum
561 262 597 294 et
628 258 777 294 fidelem
812 263 916 294 tuum
937 259 1190 304 disciprlum·
1180 285 1190 302 ,
1224 262 1259 294 et
1279 258 1357 293 sine
1378 259 1527 295 fictione
1548 258 1652 304 sequi
1673 263 1708 294 te
1728 270 1790 294 ve-

161 316 285 342 racem
320 305 548 352 lllathistium
588 307 642 341 Da
679 306 791 341 etiam
832 307 938 352 nihil,
978 309 1021 341 ut
1061 309 1213 351 propter
1247 306 1437 341 carn-„mm
1469 316 1790 351 ιμιι)ι··ιιη](ιιιῃιμιε

162 353 364 389 affectuum
379 334 435 388 Dte
469 352 575 398 sequi
605 364 680 388 non
714 353 899 398 differam,
928 357 964 389 et
998 352 1121 388 minus
1145 354 1283 388 bonum
1312 353 1442 398 majori
1479 365 1550 388 non
1581 354 1712 397 praeter
1715 364 1789 388 tm.

162 402 304 436 Praesta
323 400 427 441 milii,
451 401 607 436 Domine
635 401 734 435 Deus
765 411 884 445 meus,
918 411 965 436 ne
986 401 1034 436 ‘td
1065 411 1107 436 ai
1110 404 1232 435 atium
1264 400 1490 452 poenitentia)
1524 411 1676 435 iii-inum
1705 400 1791 435 init-

162 450 257 488 tens,
287 450 323 482 et
344 451 379 482 te
402 448 507 493 sequi
529 458 595 493 per
619 447 785 483 melioris
806 449 891 483 vitae
917 451 1055 483 statum
1082 458 1310 493 proponens,
1333 448 1534 492 respiciam
1558 453 1670 490 retro,
1694 448 1791 482 sacto

161 495 218 529 vel
241 494 448 540 proposito,
471 495 518 530 ad
540 498 679 530 statum
710 495 909 540 pristinum
931 496 1139 541 redeundo,
1168 498 1209 530 ut
1231 506 1306 531 non
1335 493 1479 531 ostie-iar
1505 495 1653 540 ineptus
1676 504 1791 540 regno

161 541 228 577 Dei
251 541 531 587 consequendO.
552 542 685 578 Anien.

805 753 983 799 CAPUT
1019 754 1153 801 XLVI

301 885 350 914 DE
378 886 425 916 EO
456 887 560 920 QUOD
593 887 768 916 DOMINUS
799 887 1024 916 EXCITATUS
1052 887 1264 916 IMPERAVIT
1293 887 1433 915 VENTIS
1463 887 1513 914 ET
1542 885 1651 914 MARI-

778 1004 943 1040 Matthaei
964 1014 1046 1050 cap.
1066 1005 1162 1041 VIII.

212 1173 224 1193 1
265 1158 439 1200 Cnmsrus
466 1168 611 1202 DORMIT,
641 1170 712 1194 DUM
742 1171 866 1195 vestris
900 1171 942 1194 ΕΤ

160 1216 350 1242 FLucrisscs
372 1216 548 1245 Quirrirun
568 1217 756 1243 NAVICULA.
786 1226 825 1232 —-
856 1208 942 1242 Post

160 1253 240 1289 haec
260 1253 438 1287 Dominus
454 1252 575 1297 Jesus,
590 1253 781 1289 dimittens
796 1254 938 1294 turbas,

160 1300 327 1336 ascendit
344 1310 428 1334 sero
448 1300 484 1334 in
500 1300 725 1345 naviculam,
749 1301 795 1336 ad
814 1304 939 1336 trans-

160 1347 324 1383 eundum
347 1346 469 1382 lacum
492 1347 737 1392 Genezareth,
762 1351 801 1382 ut
823 1348 861 1382 in
882 1348 937 1382 lo-

160 1405 244 1430 cum
265 1396 467 1438 remotum,
496 1398 649 1439 propter
670 1405 797 1430 causas
826 1405 939 1440 supra

161 1441 199 1477 in
225 1440 409 1487 principio
434 1442 678 1485 praecedentis
706 1442 857 1487 capituli
881 1442 938 1476 di·-

160 1492 250 1533 ctas,
271 1498 354 1523 cum
370 1487 557 1532 discipulis
574 1488 658 1525 iret.
671 1490 716 1524 Ut
732 1489 832 1524 enim
849 1489 940 1524 dicit

160 1536 376 1578 Remigius:
414 1547 432 1567 α
463 1536 549 1570 Tria
583 1535 721 1581 legitur
758 1537 938 1571 Dominus

161 1582 336 1618 habuisse
352 1581 511 1627 refugia,
536 1581 678 1617 scilicet
696 1583 815 1628 navis,
837 1593 940 1617 mon-

162 1628 209 1665 tis
237 1632 273 1664 et
305 1628 464 1673 deserti3
503 1632 540 1663 et
581 1630 726 1673 quoties
762 1640 783 1664 a
821 1630 940 1664 turbis

163 1675 494 1720 comprimebatur,
535 1676 580 1713 ad
601 1676 755 1721 aliquod
784 1676 939 1711 istorum

161 1722 421 1768 refugiebat.»
464 1722 533 1758 Ubi
571 1723 769 1766 Ormenes:
801 1738 814 1756 «
847 1724 939 1759 Cum

159 1770 280 1805 multa
316 1779 453 1815 magna
488 1773 524 1804 et
555 1769 727 1805 miranda
762 1771 940 1805 Dominus

162 1815 385 1853 ostendisset
401 1816 439 1850 in
451 1820 566 1861 terra,
584 1816 736 1852 transiit
755 1817 800 1852 ad
822 1827 939 1861 mare,

161 1867 203 1899 ut
237 1863 288 1899 ibi
323 1863 545 1898 excellentia
560 1874 674 1908 opera
704 1864 941 1899 demonstra-

162 1913 246 1955 ret3
268 1913 453 1956 quatenus
466 1914 578 1945 terrse
600 1911 788 1955 marisque
811 1911 940 1945 Domi-

162 1968 254 1993 num
288 1968 326 1992 se
347 1957 619 1993 ostenderet.»
651 1959 698 1992 Et
731 1958 943 1992 ascendente

163 2015 201 2040 eo
220 2007 260 2039 in
291 2004 513 2047 naviculam,
548 2006 662 2039 secuti
682 2008 768 2039 sunt
785 2015 864 2039 eum
890 2004 945 2038 di-

162 2053 297 2097 scipulz'
341 2050 439 2095 ejus,
481 2051 765 2086 transfretantes
803 2050 945 2086 scilicet

164 2109 248 2135 cum
267 2109 324 2139 eo,
346 2109 422 2133 non
443 2099 589 2133 tantum
616 2108 762 2143 gressus
783 2108 943 2143 sequen-

163 2149 231 2191 tes,
265 2145 330 2181 sed
351 2144 468 2189 magis
493 2145 729 2180 sanctitatem
761 2144 947 2181 concomi-

163 2196 298 2229 tantes.
321 2193 442 2228 Secuti
462 2192 613 2236 quidem
632 2195 716 2227 sunt
727 2202 819 2234 eum,
857 2192 945 2237 quia

162 2240 410 2275 trahebantur
436 2239 617 2274 suavitate
640 2240 823 2275 sermonis
851 2239 944 2284 eJus‚

164 2290 200 2322 et
241 2286 489 2322 admiratione
526 2286 662 2331 operis,
701 2290 738 2321 et
780 2287 945 2330 benigna

164 2334 448 2369 conversatione
468 2332 582 2377 Ipsius
600 2345 611 2378 3
641 2334 691 2369 ita
714 2337 754 2368 ut
776 2338 872 2369 esset
893 2332 945 2367 eis

166 2379 319 2416 difficile
355 2380 474 2424 ipsum
518 2379 747 2426 relinquere.
786 2383 834 2416 Ec
870 2389 945 2414 ecce

165 2430 281 2462 motus
317 2437 484 2470 magnus,
532 2430 572 2461 ut
598 2428 717 2473 majus
746 2430 945 2473 appareret

165 2474 403 2517 miraculum,
441 2476 564 2517 factus
598 2478 651 2510 est
667 2478 706 2510 τη
726 2477 834 2518 mari,
870 2483 946 2508 non

165 2521 389 2556 naturaliter
423 2525 459 2556 et
480 2531 522 2556 ex
541 2532 593 2567 se,
620 2523 685 2557 sed
711 2522 849 2558 Christi
871 2522 945 2556 im-

167 2568 271 2613 perio
295 2571 331 2603 et
351 2568 487 2602 virtute
507 2578 516 2613 3
538 2569 592 2603 ita
610 2571 650 2603 ut
670 2570 842 2604 navicula
863 2578 945 2613 ope-

166 2616 314 2658 riretur,
355 2613 497 2649 scilicet
528 2614 618 2659 fere,
644 2617 813 2660 fluctibus
835 2617 945 2650 inun-

169 2661 358 2698 dantibus.
374 2662 417 2696 Et
431 2661 526 2697 bene
542 2662 631 2697 dicit
642 2666 856 2708 operiretur,
869 2673 945 2698 non

169 2708 474 2760 submergeretur
499 2720 507 2745 :
533 2710 620 2755 quia
646 2711 818 2746 navicula
846 2710 944 2744 Petri

170 2756 318 2790 concuti
336 2759 469 2801 potest,
487 2756 552 2791 sed
572 2757 763 2804 submergi
778 2767 853 2793 non
868 2760 946 2801 pot-

168 2804 234 2847 est,
254 2813 358 2848 cujus
372 2803 519 2848 figura
512 2814 551 2839 in
571 2813 659 2840 arca
673 2806 748 2840 Noe
769 2805 851 2841 fuit
867 2805 947 2849 Ipse

1018 1171 1099 1196 vero
1116 1161 1319 1196 dormiebat
1338 1160 1375 1195 in
1398 1160 1524 1212 puppi,
1551 1159 1585 1194 id
1607 1162 1660 1194 est
1676 1159 1713 1193 in
1734 1169 1794 1204 po-

1018 1207 1168 1242 steriori
1204 1211 1308 1252 parte
1329 1207 1461 1247 navis
1488 1207 1593 1251 juxta
1614 1206 1791 1241 taberna-

1017 1254 1156 1300 culum,
1177 1265 1287 1299 super
1305 1237 1792 1298 cervicalligneun1‚osten-

1018 1301 1122 1344 dens,
1138 1302 1344 1336 secundum
1364 1302 1668 1344 Chrysostomum,
1688 1310 1792 1335 suam

1017 1349 1228 1383 humilitaziti
1236 1359 1282 1384 m.
1307 1349 1380 1384 Nec
1409 1349 1544 1382 mirum
1568 1348 1598 1382 si
1628 1347 1792 1382 (loimie-

1015 1395 1091 1440 bat,
1117 1396 1195 1440 ipse
1216 1396 1314 1430 enim
1346 1395 1504 1430 multum
1533 1394 1577 1429 de
1604 1397 1727 1437 nocte,
1752 1394 1789 1428 in

1015 1443 1245 1477 orationihus
1268 1441 1458 1487 vigilabat,
1488 1442 1721 1486 multumque
1748 1440 1792 1475 de

1014 1489 1087 1533 die,
1126 1490 1163 1524 in
1211 1489 1540 1534 praedicationibus
1584 1487 1790 1523 laborabat.

1012 1537 1223 1571 Dormiebat
1256 1536 1408 1581 quidem
1447 1545 1616 1579 corpore,
1646 1534 1710 1569 sed
1737 1535 1789 1568 vi-

1014 1584 1156 1629 gilabat
1176 1584 1327 1618 deitate.
1351 1583 1456 1617 Unde
1478 1581 1557 1626 ipse
1574 1582 1612 1616 in
1629 1581 1792 1616 Canticis

1016 1631 1136 1666 dicit:
1184 1632 1260 1671 qu
1304 1630 1466 1673 dormio,
1510 1632 1543 1663 et
1580 1639 1638 1663 cor
1675 1638 1791 1662 meum

1014 1679 1161 1721 vigilat.
1193 1676 1261 1712 Ubi
1284 1678 1584 1720 Chrysostomus:
1628 1688 1645 1707 «
1660 1675 1793 1709 A-seen

1016 1725 1070 1759 dit
1102 1734 1254 1776 parvam
1278 1723 1504 1763 naviculam
1527 1726 1566 1757 ut
1596 1722 1792 1766 navigaret

1017 1771 1077 1805 ille
1101 1771 1163 1816 qui
1201 1774 1321 1804 totuin
1357 1770 1538 1804 mundum
1566 1768 1692 1803 divina
1718 1768 1790 1802 vir-

1016 1822 1094 1853 tute
1132 1818 1347 1863 gubeinat3
1372 1817 1510 1851 dormit
1530 1827 1567 1851 in
1603 1824 1791 1858 somnum,

1017 1865 1080 1910 qui
1117 1864 1294 1910 populum
1335 1873 1444 1898 suum
1478 1863 1607 1908 vigilia
1651 1866 1792 1896 aeterna

1018 1912 1193 1947 custodit
1221 1924 1238 1943 ³>
1284 1910 1407 1946 Voluit
1440 1913 1566 1945 autem
1613 1909 1792 1943 Dominus

1018 1957 1182 1994 dormiie
1205 1957 1399 2001 multiplici
1420 1957 1464 1992 de
1486 1967 1596 1992 causa
1624 1967 1631 1974 ·
1624 1956 1790 2000 ,prima‚

1019 2010 1059 2040 ut
1088 2006 1285 2040 veritatem
1318 2005 1494 2039 humanae
1522 2008 1664 2038 naturae
1696 2003 1733 2036 in
1755 2012 1792 2036 se

1020 2053 1293 2087 demonstraret
1328 2062 1334 2087 :
1376 2051 1414 2085 in
1456 2050 1644 2085 miraculis
1693 2049 1793 2084 enim

1020 2099 1155 2134 Christi
1188 2108 1335 2143 semper
1366 2098 1507 2143 aliquid
1545 2097 1705 2142 ponitur,
1747 2096 1793 2131 ad

1020 2146 1293 2181 ostendendum
1313 2145 1510 2179 veritatem
1534 2143 1793 2187 humanitatis,

1021 2196 1057 2227 et
1073 2192 1216 2237 aliquid
1237 2191 1284 2226 ad
1305 2192 1577 2226 ostendendum
1598 2189 1792 2225 veritatem

1020 2238 1225 2274 divinitatis
1244 2250 1254 2282 3
1274 2238 1451 2282 secunda,
1470 2242 1510 2273 ut
1528 2237 1793 2282 discipulorum

1020 2286 1133 2321 fidem
1157 2286 1345 2330 probaret,
1365 2295 1441 2319 non
1461 2286 1560 2330 quod
1578 2284 1656 2329 ipse
1682 2284 1795 2319 corda

1020 2343 1150 2368 eorum
1170 2334 1376 2378 ignoraret,
1397 2332 1462 2367 sed
1498 2336 1536 2366 ut
1564 2332 1630 2376 ipsi
1656 2332 1795 2375 seipsos

1020 2383 1295 2426 agnoscerent,
1312 2378 1437 2424 tertia,
1461 2383 1501 2413 ut
1524 2378 1695 2423 discipuli
1714 2387 1792 2412 ma-

1019 2428 1075 2473 gis
1088 2428 1277 2472 timerent,
1302 2430 1338 2462 et
1356 2427 1408 2461 sic
1429 2436 1492 2461 eos
1512 2426 1559 2461 ad
1586 2426 1794 2459 orationem

1021 2478 1269 2518 provocaret:
1303 2474 1333 2508 si
1367 2473 1481 2515 enim,
1501 2476 1540 2507 ut
1558 2472 1610 2507 ait
1646 2472 1796 2515 Chryso-

1018 2524 1169 2565 stomus,
1190 2532 1233 2556 eo
1252 2521 1447 2567 vigilante,
1476 2522 1677 2564 tempestas
1698 2521 1794 2553 tacta

1020 2573 1127 2611 esset,
1148 2568 1205 2603 vel
1218 2578 1295 2603 non
1291 2547 1544 2610 t>timuissent,
1564 2566 1621 2601 vel
1642 2575 1717 2600 non
1732 2575 1791 2599 ro—

1019 2619 1190 2661 gassent3
1215 2619 1364 2661 quarta,
1385 2619 1423 2650 ut
1439 2615 1636 2650 veritatem
1657 2612 1791 2647 divina

1020 2666 1166 2698 naturae
1194 2666 1230 2697 et
1259 2673 1364 2697 suam
1399 2661 1606 2714 potentiam
1634 2660 1793 2694 demon-

1020 2714 1181 2753 straret,
1219 2719 1303 2755 quae
1331 2710 1450 2755 magis
1485 2706 1620 2743 claruit
1658 2706 1697 2740 in
1734 2715 1790 2748 eo

1020 2757 1119 2808 quod
1135 2767 1219 2791 mox
1239 2756 1421 2792 excitatus
1441 2754 1636 2800 imperavit
1658 2751 1789 2795 ventis,

1019 2804 1083 2849 qui
1111 2804 1145 2839 ei
1170 2805 1365 2849 par.ebant
