1894 3186
140 169 180 206 80
652 166 796 200 PRIMAE
834 164 990 198 PAItTIS
1029 162 1165 195 CAPUT
1201 161 1275 195 LVI

148 244 296 288 quarto,
333 238 421 284 quia
460 237 650 275 Christum
683 247 705 272 a
740 247 778 271 se
818 238 855 271 et
880 235 927 270 ab

140 289 224 327 aliis
256 297 459 334 praevisum
491 290 528 322 et
556 284 790 332 praedictum‚
813 282 927 328 digito

144 335 432 377 demonstravit,
454 333 552 379 quod
562 332 623 368 alii
642 342 717 367 non
737 331 925 366 feceruut:

146 394 248 422 nam,
262 381 472 418 secundum
484 381 713 424 Greqorium,
728 378 926 422 Prophetae

150 430 317 468 officium
339 432 396 464 est
429 432 587 463 ventura
618 425 838 472 praedicere,
861 423 927 459 sed

149 489 225 515 non
245 479 358 513 etiam
378 475 638 511 demonstrare
657 485 665 517 3
703 471 848 517 quinto,
874 481 929 506 se-

146 525 311 562 cundnm
338 524 587 565 Aumatium
615 525 652 556 et
678 520 926 560 Ambrosium,

145 576 202 609 est
220 572 342 617 major
376 569 584 615 Prophetis,
610 567 697 613 quia
731 567 928 618 Rrophetae

146 621 346 656 Dominum
357 620 553 652 venturum
564 616 927 661 praenunttaverunt,

144 677 255 713 quem
278 665 403 700 videre
438 663 761 710 desideraverunt
782 663 817 694 et
853 670 929 694 non

146 713 347 749 viderunt:
372 710 457 746 huie
484 713 610 745 autem
638 711 848 754 praestuum
874 709 929 741 est

151 760 252 806 quod
285 759 336 794 illi
365 757 594 804 quaesierunt
619 767 627 799 ;
661 759 778 796 sexto,
801 764 929 788 secun-

147 807 238 844 dum
275 808 544 848 Hieronymum,
585 802 671 847 quia
705 802 752 836 ad
781 800 929 846 privile-

152 854 253 901 gium
282 851 501 898 prophetale
533 849 646 885 ctiam
670 847 844 893 Baptista:
865 858 927 882 ac-

151 901 261 936 ce>sit
288 898 496 945 primitium,
512 900 553 932 ut
573 907 682 931 suum
704 900 741 931 et.
765 896 927 940 l'rophe-

148 951 273 983 tarum
288 945 484 981 [lominum
506 943 730 988 baptizaret;
753 942 926 987 septimo,

150 994 240 1041 quia
258 994 434 1038 Angelus,
469 990 553 1026 etsi
580 1001 652 1025 non
686 993 834 1030 natura,
868 992 925 1024 ta-

146 1052 246 1082 men,
271 1045 310 1076 ut
328 1038 634 1081 int'ravidehitur,
653 1036 927 1078 ol't'i‹·io,‹lirtus

149 1092 230 1131 est;
256 1091 400 1130 octavo,
431 1086 518 1131 quia
540 1084 743 1131 proximior
778 1083 926 1119 Christo

146 1135 227 1179 fuit,
256 1139 292 1170 et
319 1145 412 1180 pene
451 1143 535 1168 cum
571 1132 648 1177 ipso
681 1130 793 1166 venit.
826 1130 926 1166 Unde

148 1183 439 1226 chrysostomus:
462 1194 479 1213 «
502 1181 640 1215 Omnes
662 1178 813 1222 quidem
836 1178 925 1212 Pro-

148 1231 272 1275 phetae
293 1233 380 1263 ante
403 1227 534 1263 faciem
556 1225 692 1262 Christi
715 1224 925 1260 transmissi

151 1280 251 1319 sunt,
280 1276 380 1311 solus
399 1278 523 1309 autem
539 1276 703 1309 Joannes
720 1272 771 1306 sic
792 1272 926 1307 missus

152 1327 209 1359 est
235 1326 320 1359 ante
341 1322 470 1357 l'aricm
493 1320 642 1360 Christi,
669 1323 706 1355 ut
727 1330 819 1364 pene
841 1330 926 1354 cum

150 1370 297 1407 Christo
320 1369 474 1405 veniret.
494 1370 679 1411 Quantum
698 1378 774 1412 pra}
792 1366 926 1401 ceteris

152 1417 349 1462 Prophetis
372 1418 540 1451 Joannes
570 1414 605 1449 in
628 1418 794 1458 tempure
821 1414 927 1457 juxta

145 1464 347 1505 Christum,
381 1467 525 1497 tantum
561 1461 707 1506 justitia
743 1471 818 1504 pra}
852 1459 926 1494 illis

148 1511 352 1557 proxinnor
380 1513 460 1543 erat
486 1509 646 1543 Christo.
692 1507 816 1540 Multae
845 1506 926 1549 qui-

146 1558 230 1594 dem
274 1557 389 1592 strllu:
426 1558 511 1590 anto
541 1554 659 1588 lurein
696 1551 926 1597 prieredunt,

148 1604 369 1640 nuntiantes
393 1601 484 1638 luris
508 1601 722 1641 adventum,
751 1599 851 1633 nulla
872 1602 926 1633 ta-

148 1663 233 1687 men
262 1661 391 1686 varum
427 1647 590 1684 Lurel'eri
619 1657 755 1682 nomen
789 1646 927 1680 habere

148 1699 301 1740 meruit,
328 1697 395 1732 nisi
423 1707 509 1739 una,
532 1694 619 1740 quia
640 1704 721 1728 cum
744 1693 824 1738 ipsa
847 1693 928 1727 lure

143 1746 333 1792 procedit:
369 1744 421 1779 sic
456 1753 586 1778 omnes
620 1741 815 1785 Prophetae
840 1742 927 1774 ante

147 1793 279 1829 faciem
308 1790 443 1827 Christi
471 1788 685 1835 przereilunt
711 1786 926 1821 nuntiantes

148 1840 349 1876 adventum
372 1838 465 1882 ejus,
489 1837 589 1871 solus
616 1837 738 1869 tamen
761 1835 926 1869 ,Ioannes

146 1887 363 1922 Proernrsor
387 1888 443 1919 est
473 1882 704 1928 appellatus‚·
730 1880 816 1925 quia
850 1891 924 1914 non

145 1934 265 1969 solum
293 1933 494 1967 adventum
520 1930 599 1975 ojus
619 1927 833 1969 annuntiat,
859 1927 925 1962 scd

147 1980 259 2016 etiam
284 1979 387 2013 illum
418 1978 534 2021 digito
557 1975 735 2016 ostendit,
764 1975 891 2009 dicens
914 1984 921 2008 :

147 2030 236 2063 Ecce
254 2028 382 2069 Aquas·
396 2027 484 2060 Dei:
505 2038 520 2056 υ
540 2025 617 2058 liter
637 2024 920 2064 Clzryswlstot‘tzzffi.

196 2090 216 2121 9
236 2075 500 2109 COMMENlmTUR
527 2083 569 2106 ΑΒ
592 2080 831 2105 AUtt't'ottt't'A'sti
860 2080 924 2102 uo-

147 2133 280 2157 CTmNAE
302 2132 341 2155 ΕΤ
364 2132 405 2154 An
423 2130 572 2153 orricio.
591 2138 633 2142 —
651 2118 804 2159 Quarto.
824 2125 925 2150 com-

143 2169 295 2204 mendat.
312 2170 494 2203 Joannem
510 2164 687 2201 [lominus
703 2164 748 2198 ab
767 2161 926 2198 auctori-

144 2219 220 2251 tate
242 2214 421 2250 dot-trinio
441 2217 476 2249 et
493 2211 604 2247 ol'tirii
625 2210 821 2253 dignitate,
838 2219 923 2244 cum

143 2262 254 2298 dicit:
274 2264 338 2296 llic
352 2265 403 2295 (est
419 2263 512 2295 enim
527 2260 569 2294 de
590 2270 658 2303 quo
677 2259 853 2301 scriptum
872 2260 923 2291 est

143 2309 182 2345 in
201 2308 396 2351 Malachia,
421 2311 457 2343 et
478 2310 565 2341 sunt
587 2306 699 2340 verba
728 2303 849 2339 Patris
876 2303 923 2338 ad

141 2355 289 2398 Filium,
316 2357 503 2390 Joannem
548 2350 848 2387 commendantis
886 2353 923 2385 et

140 2402 300 2439 dicentis
337 2413 345 2436 ε
380 2403 467 2435 Eece
490 2409 552 2439 eqo
596 2400 699 2432 mitto
742 2398 923 2439 Alquelzun

140 2460 271 2491 meum,
293 2448 330 2483 id
353 2451 409 2482 est
438 2445 623 2485 nuntium,
647 2443 787 2479 scilicet
807 2446 922 2479 Joan-

146 2507 233 2533 nem
262 2494 482 2539 Baptistam,
511 2491 571 2537 qui
595 2490 708 2526 etiam
726 2490 840 2525 vitam
859 2491 924 2525 du-

142 2543 195 2580 xit
207 2542 429 2587 angelicam,
446 2543 529 2574 unte
553 2540 682 2582 faciem
694 2542 806 2580 tumn,
818 2537 853 2572 id
867 2540 923 2572 est

148 2594 235 2627 ante
267 2587 506 2635 praesentiam
540 2589 642 2621 tuam
676 2584 922 2629 temporalem

142 2641 179 2673 et
202 2640 288 2672 ante
315 2634 483 2681 ejusdem
508 2633 682 2678 potentiae
704 2630 920 2666 manifesta-

140 2684 283 2720 tionem
317 2686 353 2718 et
373 2680 654 2726 cognitionem;
679 2680 742 2722 qut
777 2689 920 2723 praepa-

138 2732 236 2766 rabit
266 2732 363 2765 vium
392 2732 492 2764 tuam
524 2725 765 2772 praedicando
790 2724 921 2770 'poeni-

141 2777 314 2824 tentiam,
347 2774 569 2823 baptizando
597 2773 645 2810 ad
676 2771 921 2809 assuefactio-

1002 242 1101 276 nem,
1113 235 1149 267 te
1167 230 1423 268 annuntiando
1441 240 1484 266 ac
1496 229 1786 275 manifestando,

1001 283 1112 325 atque
1139 279 1253 315 corda
1281 278 1497 314 auditorum
1529 278 1575 312 ad
1601 277 1786 324 recipien-

1002 327 1090 363 dum
1110 330 1146 362 te
1174 330 1210 361 et
1237 329 1338 362 tuam
1361 324 1666 371 praedicationem
1699 335 1785 370 per-

1002 374 1061 409 via
1095 373 1286 409 reddendo
1313 384 1322 417 ;
1358 376 1441 408 ante
1469 377 1513 415 te,
1553 372 1589 407 id
1610 375 1665 407 νεῖ
1698 374 1787 409 ante

1002 421 1252 456 ostentionem
1279 424 1384 456 tuam
1418 419 1464 455 ad
1495 420 1689 454 mundum.
1723 420 1784 456 Sic

1002 468 1167 504 ol'ticium
1189 467 1476 512 praedicatorum
1491 471 1546 502 est
1568 476 1784 512 praeparare

1002 515 1115 550 corda
1136 515 1350 550 auditorum
1383 518 1470 549 ante
1491 514 1692 549 adveutum
1711 515 1784 549 Do·

1003 562 1108 606 mini,
1123 563 1170 597 ad
1187 561 1371 607 J'udicium
1391 561 1444 596 vel
1467 560 1504 596 in
1527 564 1702 596 mentem.
1729 560 1788 596 Di-

1003 614 1083 645 ctus
1105 613 1161 644 est
1184 612 1311 644 autem
1331 610 1495 644 ,Ioannes
1515 608 1679 653 Angelus
1699 618 1786 653 pro-

1002 660 1085 703 pter
1105 657 1178 692 duo
1201 668 1208 691 ε
1230 655 1366 702 primo,
1400 658 1555 700 propter
1586 654 1700 690 officii
1726 654 1786 690 di-

1003 704 1199 749 gnitatem,
1222 702 1309 748 quia
1332 702 1398 738 fuit
1422 701 1584 737 nuntius.
1611 701 1786 738 Officium

1003 751 1103 787 enim
1125 751 1355 795 Angelorum
1372 752 1427 784 est
1446 759 1583 784 arcana
1600 749 1785 793 revelare,

1004 798 1054 833 sie
1070 797 1236 833 osticium
1245 796 1403 833 Joannis
1414 807 1553 832 arcana
1565 795 1784 841 praedicere.

1002 847 1107 885 Nam,
1137 845 1232 881 sicut
1256 844 1420 889 Angelus
1441 844 1587 880 Gabriel
1608 843 1787 879 nativita-

1002 896 1077 928 tem
1090 891 1292 928 Salvatoris
1308 891 1438 937 paucis
1454 890 1690 926 annuntiavit
1704 901 1787 936 per-

1003 939 1120 982 sonis,
1151 939 1290 974 scilicet
1318 940 1356 974 Β.
1387 938 1529 982 Virgini
1561 942 1597 973 et
1629 938 1784 983 Joseph,

1004 987 1216 1031 pastoribus
1235 990 1271 1021 et
1292 985 1410 1031 Magis
1427 997 1434 1028 ;
1464 985 1516 1020 ita
1532 986 1697 1021 „loannes
1717 995 1784 1030 pa-

1002 1034 1075 1069 lam
1095 1033 1194 1069 illum
1220 1032 1285 1068 toti
1302 1032 1442 1068 mundo
1460 1031 1658 1067 nuntiavit.
1680 1031 1785 1068 Unde

1000 1082 1126 1116 Buta:
1167 1080 1372 1125 «Angelus
1402 1083 1555 1114 vocatur
1602 1080 1784 1122 Joannes,

1002 1139 1075 1163 non
1091 1132 1233 1163 natura}
1248 1127 1440 1170 societate,
1454 1126 1518 1161 sed
1534 1125 1646 1161 officii
1664 1125 1785 1171 digni-

1002 1179 1089 1210 tate.
1114 1189 1130 1206 »
1155 1176 1232 1218 Quo
1263 1173 1428 1217 nomine,
1462 1178 1562 1209 recte
1601 1172 1783 1218 appellari

1001 1222 1119 1268 potuit
1148 1223 1258 1257 homo
1294 1221 1370 1264 ille,
1398 1220 1461 1266 qui
1487 1221 1563 1263 fuit
1588 1223 1721 1255 missus
1758 1230 1782 1254 a

998 1272 1069 1305 Deo
1092 1273 1131 1304 ut
1162 1271 1406 1304 testimonium
1437 1269 1642 1313 perhiberet
1660 1268 1703 1301 de
1724 1268 1782 1302 Ζιι-

1000 1319 1108 1359 mine,
1132 1320 1169 1351 et
1208 1315 1417 1351 venientem
1453 1316 1488 1349 in
1522 1325 1633 1349 carne
1659 1313 1784 1349 Domi-

1000 1374 1088 1398 num
1114 1364 1249 1398 mundo
1273 1362 1478 1397 nuntiaret.
1506 1363 1547 1396 Et
1569 1361 1783 1396 sacerdotes

998 1410 1128 1455 Angeli
1152 1413 1439 1455 nuncupantur;
1468 1409 1565 1444 unde
1587 1407 1783 1453 Apostolus

1001 1457 1174 1503 prohihet
1212 1468 1254 1492 ne
1281 1456 1456 1492 mulieres
1481 1456 1627 1490 dete-to
1662 1454 1784 1500 capite

1000 1509 1122 1542 orent,
1161 1507 1312 1546 proptor
1347 1503 1506 1545 Angelos
1545 1501 1621 1544 nei,
1658 1501 1695 1536 id
1727 1504 1783 1537 est

1001 1548 1229 1583 sacerdotes.
1253 1549 1307 1588 Et,
1330 1548 1533 1582 secundum
1556 1549 1782 1591 messorium,

1001 1595 1257 1640 uuusquisque
1294 1594 1429 1637 tidelis,
1473 1595 1503 1628 si
1542 1604 1561 1629 a
1597 1595 1780 1639 pravitate

1000 1643 1209 1688 proximuin
1236 1644 1384 1677 revocat
1420 1644 1456 1676 et
1483 1640 1530 1675 ad
1562 1642 1701 1676 bonum
1720 1652 1781 1677 ex-

1001 1691 1185 1731 hortatur,
1203 1688 1230 1723 si
1251 1692 1436 1724 {eternum
1454 1698 1610 1733 regnum
1625 1688 1679 1723 vel
1696 1699 1782 1734 sup-

1000 1736 1149 1782 plivium
1165 1735 1305 1770 erranti
1346 1735 1557 1774 denuntiat,
1592 1735 1780 1780 prolecto.

999 1784 1175 1827 Angelus,
1198 1782 1234 1817 id
1267 1786 1323 1817 est
1350 1782 1503 1817 nuntius
1529 1781 1687 1826 Domini,
1708 1786 1778 1817 est.

1000 1851 1044 1855 —
1065 1829 1250 1872 Secundo,
1271 1829 1393 1864 dictus
1414 1832 1470 1864 est
1501 1829 1663 1873 Angelus
1692 1839 1779 1874 pro-

998 1881 1081 1922 pter
1111 1877 1194 1911 vita:
1228 1875 1408 1919 angelicas
1442 1875 1641 1921 puritatem
1666 1886 1781 1921 quam

998 1925 1100 1959 duxit
1123 1924 1159 1958 in
1176 1922 1390 1966 solitudine,
1409 1923 1445 1957 id
1461 1922 1781 1967 estvirginitatem

999 1971 1036 2006 iu
1059 1970 1387 2016 contcmfflatione.
1420 1970 1522 2005 Unde
1554 1970 1605 2004 ait
1629 1971 1780 2013 Chryso-

998 2023 1159 2053 stemus.-
1183 2034 1199 2049 «
1226 2020 1359 2052 Bratus
1381 2018 1560 2059 Joannes,
1584 2015 1644 2061 qui
1668 2017 1782 2052 talem

1000 2065 1133 2101 meruit
1154 2066 1292 2100 hahere
1313 2064 1560 2099 laudatorem.
1575 2063 1668 2098 Audi
1682 2074 1782 2099 nuuc

998 2116 1033 2148 et
1064 2112 1229 2157 intellige
1262 2111 1376 2157 ipsius
1400 2110 1643 2155 dignitatcm3
1675 2114 1780 2156 puto,

998 2159 1027 2195 si
1071 2170 1144 2194 non
1173 2162 1271 2194 esset
1306 2157 1471 2193 audaciae
1498 2157 1636 2197 dicere,
1681 2157 1782 2202 quod

998 2206 1198 2252 gloriosior
1216 2209 1272 2241 cst
1285 2207 1464 2247 Joanncs,
1481 2204 1566 2249 quia
1582 2205 1692 2239 homo
1712 2203 1782 2240 fuit

997 2258 1032 2288 ct
1060 2257 1210 2299 propter
1230 2251 1404 2287 meritum
1435 2251 1579 2286 virtutis
1617 2251 1782 2295 Angelus

997 2304 1053 2336 est
1072 2304 1237 2343 voratus,
1263 2309 1375 2344 quam
1391 2298 1420 2334 si
1443 2298 1594 2334 nomine
1616 2298 1780 2343 Angelus

998 2351 1034 2383 et
1056 2351 1190 2382 natura
1224 2346 1364 2382 suisset.
1389 2345 1551 2391 Angelus
1581 2344 1681 2380 euim
1708 2346 1782 2381 hoe

997 2395 1120 2440 ipsum
1142 2394 1241 2439 quod
1261 2393 1423 2439 Angelus
1449 2397 1518 2436 est,
1541 2403 1615 2427 non
1632 2395 1780 2428 tantum

997 2445 1053 2477 est
1087 2440 1235 2476 virtutis
1261 2439 1475 2486 praemium,
1511 2442 1690 2484 quantum
1713 2449 1778 2474 na-

996 2492 1090 2524 turae
1112 2487 1336 2533 proprietas.
1361 2488 1433 2522 Iste
1451 2490 1578 2522 autem
1596 2485 1779 2522 mirabilis

998 2538 1066 2578 est,
1083 2534 1145 2580 qui
1168 2534 1205 2569 in
1222 2537 1356 2569 natura
1374 2534 1540 2569 humana
1559 2532 1779 2578 Angelicam

996 2586 1256 2626 transgressus
1285 2584 1341 2616 est
1373 2580 1624 2622 sanctitatem,
1647 2582 1682 2614 et
1706 2580 1780 2615 hoe

996 2628 1157 2665 obtinuit
1177 2638 1242 2673 per
1276 2626 1438 2673 gratiam
1461 2626 1538 2669 Dei,
1568 2625 1667 2671 quod
1700 2636 1781 2662 non

996 2677 1124 2712 habuit
1159 2679 1312 2710 natura:
1338 2688 1356 2707 »
1391 2675 1471 2710 haec
1491 2675 1778 2717 chrysostomus.

1048 2738 1088 2759 lo
1121 2723 1222 2758 Nssuo
1245 2733 1351 2757 INTER
1370 2732 1525 2756 HOMINES
1543 2732 1654 2755 MAJOR
1675 2720 1779 2755 PRAE-

994 2781 1150 2808 CURSORE
1165 2771 1309 2806 Domm.
1327 2789 1370 2796 —
1382 2770 1440 2814 Et,
1453 2771 1493 2804 ut
1509 2776 1696 2804 summam
1705 2766 1779 2803 vir-
