1894 3186
316 182 368 216 DE
408 180 657 215 AMBITIONE
696 179 746 213 ET
783 180 1048 220 QUIBUSDAM
1085 182 1205 216 ALIIS
1244 182 1535 217 DEFECTIBL‘S.

115 252 158 288 Hi
179 252 273 289 tales
297 251 359 299 qui
379 251 417 287 in
434 250 735 298 promotionibus
755 250 896 287 amicos

114 300 286 336 carnales
305 300 511 346 praeferunt
531 298 640 335 sactis
660 302 697 334 et
720 298 897 344 operibus

114 347 206 393 suis,
229 347 320 383 illud
340 345 548 382 Psalmistae
570 345 700 381 dicunt
721 358 731 380 :
750 347 899 381 Heredi-

114 398 188 430 tate
207 395 459 441 possideamus
479 395 732 429 sanctuarium
753 395 830 430 Dei.
854 395 897 429 Et

113 441 198 478 ideo
234 442 366 477 tImere
399 441 543 477 habent
575 440 896 486 maledictionem,

113 499 197 535 quae
217 489 355 524 ibidem
383 488 566 534 sequitur,
595 498 707 533 quam
733 499 809 524 non
833 499 895 524 so-

113 536 190 572 lum
216 536 378 572 Ecclesia
404 538 440 571 et
468 535 546 580 alii,
572 535 637 570 sed
662 534 776 570 etiam
806 535 896 582 ipsi-

113 586 189 619 met
201 583 364 629 sibiipsis
376 582 632 629 imprecantur
646 582 796 628 saepius,
811 594 895 619 cum

112 632 236 675 orant,
254 630 423 666 dicentes
439 642 446 665 :
465 633 559 666 Deus
573 640 686 670 meus,
700 641 793 675 pone
812 632 896 666 illos

110 680 152 713 ut
164 681 280 713 rotam
294 691 303 720 ;
321 681 352 714 et
367 680 461 713 sicut
476 679 653 723 stipulam
665 680 749 712 ante
763 679 896 720 faciem

109 726 220 760 venti.
237 726 338 762 Sicu!
356 726 454 769 iqnis
475 727 541 770 qai
557 725 734 760 comburit
747 726 893 769 silvam,

112 775 145 808 et
163 774 258 808 sicut
276 775 423 817 stamma
441 773 649 808 comburens
669 776 820 817 montes,
842 775 896 808 ita

111 822 339 865 persequeris
359 821 442 855 illos
471 822 511 855 in
529 822 739 866 tempestate
761 824 838 861 tua,
864 823 897 856 et

112 868 152 902 in
174 869 232 902 ira
260 871 324 903 tua
350 867 515 903 turbabis
544 878 613 903 eos.
644 869 758 913 Imple
782 869 898 911 facies

109 924 231 949 eoram
253 916 481 958 igynominia‚·
516 917 549 950 et
583 918 742 960 qzzrvrent
767 926 895 950 nomen

111 964 227 1005 taam,
248 964 411 997 Domine.
441 963 666 997 Erzcbeseant
696 965 729 997 et
752 966 896 998 contar-

113 1009 241 1043 bentar
274 1011 311 1044 in
343 1009 502 1044 seculum
526 1011 663 1052 secali3
690 1013 724 1044 et
744 1011 896 1053 confan-

111 1055 249 1091 dantar
269 1060 302 1091 et
320 1060 485 1101 pereant.
510 1056 578 1092 Ubi
601 1060 688 1091 nota
711 1055 897 1092 visionem

111 1102 158 1138 de
180 1103 343 1148 quodam
362 1102 545 1138 Pontifiee
563 1102 676 1138 nimis
696 1104 743 1138 ad
764 1114 896 1139 carna-

112 1149 166 1185 les
197 1150 338 1186 amicos
368 1151 516 1193 affecto,
543 1161 624 1196 quaa
662 1150 788 1186 statim
814 1154 898 1196 post

112 1200 273 1232 mortem
294 1198 374 1242 ejus
398 1200 550 1232 ostensa
577 1200 634 1232 est
658 1197 806 1232 cuidam
829 1200 896 1234 Le-

112 1247 198 1290 gato
220 1244 394 1280 Ecclesiae
413 1244 451 1279 in
469 1244 530 1280 via
543 1245 622 1290 Jam
643 1244 779 1289 posito.
803 1246 897 1287 Quo—

112 1291 199 1327 dam
224 1291 323 1327 enim
352 1302 475 1335 mane,
502 1302 585 1326 cum
613 1291 713 1327 idem
737 1293 897 1337 Legatus

112 1338 294 1374 excitatus
311 1349 332 1374 a
354 1349 486 1374 somno
502 1338 614 1374 vellet
628 1350 736 1374 orare
755 1343 793 1374 ut
811 1350 898 1375 con—

112 1389 299 1429 sueverat,
310 1385 518 1422 submissus
530 1390 585 1421 est
598 1386 750 1431 quidam
763 1387 893 1431 lectus,

112 1432 151 1468 in
169 1433 367 1479 superficie
388 1433 512 1469 aureis
529 1433 678 1479 tapetiis
699 1433 898 1470 circumse-

111 1483 211 1527 ptus,
250 1480 288 1515 in
321 1491 470 1516 camera
502 1481 563 1517 ubi
595 1480 827 1526 quiescebat,
858 1481 896 1517 in

112 1538 185 1574 quo
198 1527 363 1563 residere
378 1527 575 1564 videbatur
586 1527 666 1574 ipse
682 1529 894 1573 detunctus,

113 1575 161 1611 ad
187 1575 340 1610 modum
372 1575 566 1610 Pontificis
593 1578 768 1619 ornatus3
797 1578 833 1611 et
860 1575 897 1611 in

113 1632 204 1668 gyro
238 1623 317 1667 eJus
350 1622 457 1658 multi
490 1623 537 1657 de
568 1633 705 1667 genere
740 1633 805 1658 suo
830 1633 898 1669 per

113 1680 201 1706 eum
228 1669 391 1715 promoti
417 1673 453 1704 et
479 1669 600 1715 ditati,
628 1671 804 1705 choream
829 1670 898 1706 du-

113 1767 236 1800 tantes
250 1763 287 1798 in
303 1764 402 1799 hunc
418 1764 572 1799 modum
588 1765 894 1810 proclamabant:

112 1811 312 1847 Maledicta
337 1810 537 1856 promotio,
560 1815 595 1846 et
619 1811 793 1847 exaltatio
820 1816 896 1855 tua,

110 1862 152 1894 tu
172 1858 273 1894 enim
295 1868 335 1894 es
357 1858 580 1904 perditionis
604 1862 744 1894 nostrae
769 1869 895 1895 causa.

112 1905 178 1942 Ille
215 1916 303 1941 vero
348 1905 640 1951 circumquaque
677 1905 896 1952 respiciens,

113 1952 417 1988 maledictionem
442 1952 615 1988 similiter
638 1953 691 1989 eis
712 1953 896 2000 impreca-

114 2001 241 2044 batur,
264 2000 389 2035 dicens
419 2011 427 2035 1
456 1999 642 2035 Maledicti
668 2011 735 2036 vos
759 2011 780 2036 a
806 2002 896 2043 Dee,

117 2047 205 2093 quia
239 2050 393 2093 propter
424 2058 490 2082 vos
522 2047 682 2083 traditus
710 2058 791 2083 sum
820 2047 897 2092 igni

116 2097 311 2140 perpetuo.
342 2095 386 2129 Et
414 2095 494 2129 hzec
528 2094 671 2139 dicens,
702 2099 897 2141 cooperto-

117 2140 214 2177 rium
243 2152 398 2176 aureum
425 2141 597 2185 elevavit,
621 2145 657 2177 et
680 2143 832 2178 flamma
853 2142 898 2178 de

117 2189 212 2224 lecto
232 2199 312 2223 cum
332 2189 432 2224 fumo
454 2189 690 2225 soetidissimo
706 2190 896 2233 ascendit3

116 2235 221 2271 etsie
236 2235 329 2271 visio
345 2236 545 2282 disparuit.
561 2238 646 2272 llice
665 2241 789 2273 autem
807 2237 898 2273 visio

115 2283 297 2329 praedicto
315 2284 468 2328 Legato,
488 2284 629 2329 Angelo
646 2284 715 2319 sibi
732 2285 898 2320 reseren-

117 2334 168 2374 te,
190 2330 275 2366 ideo
292 2335 444 2366 ostensa
466 2331 548 2375 fuit,
572 2335 612 2366 ut
631 2331 710 2377 ipse
731 2343 752 2368 a
773 2332 902 2367 simili-

118 2378 188 2413 bus
208 2377 428 2422 abstineret,
450 2377 539 2423 qula
568 2378 734 2414 defuncti
757 2390 902 2415 succes·
934 2378 935 2382 ’

119 2435 180 2460 sor
200 2424 348 2460 futurus
372 2428 484 2460 esset.
511 2426 599 2461 Post
619 2427 712 2470 hice,
738 2427 902 2471 quodam
935 2432 936 2451 l

121 2474 304 2517 tempore,
327 2472 480 2516 quidam
499 2473 670 2509 Pontifex
691 2473 801 2518 alius,
820 2484 904 2520 pro·
935 2477 938 2521 ξ

121 2518 279 2554 motioni
318 2520 527 2555 carnalium
555 2521 762 2557 amicorum
792 2522 904 2557 nimis
936 2525 937 2531 ¹

120 2565 300 2606 intentus,
327 2577 409 2601 cum
437 2578 480 2602 ex
509 2566 743 2612 infirmitate,
767 2568 804 2604 in
832 2579 905 2614 qua
937 2586 938 2593 1

121 2623 188 2658 per
220 2612 386 2648 medicos
415 2614 608 2659 neglectus
630 2616 765 2660 suerat,
794 2615 905 2651 morti
937 2632 939 2635 v

121 2662 221 2695 esset
237 2660 487 2706 propinquus,
503 2663 609 2707 quasi
627 2663 672 2698 de
691 2664 811 2699 salute
827 2674 906 2698 cor-

122 2706 224 2750 poris
245 2711 282 2742 et
302 2708 437 2743 animae
461 2709 680 2755 desperans,
711 2710 801 2746 dixit
822 2710 905 2756 plu-

122 2752 227 2789 ribus
240 2753 571 2792 circumstantibus
585 2760 621 2792 et
636 2757 900 2794 audientibus:

123 2800 256 2836 Medici
296 2802 530 2838 abstulerunt
562 2805 653 2840 milii
690 2816 840 2852 corpus,
872 2809 909 2840 et

205 2865 288 2899 Vm&
309 2866 391 2901 Jsssu
414 2867 558 2912 Cmusri,
581 2871 693 2904 Toiics
718 2872 760 2902 11.

938 2692 942 2836 l

1699 184 1758 219 177

971 251 1082 288 amici
1103 251 1285 288 animam.
1308 253 1401 289 Ecce
1423 254 1572 298 qualem
1592 254 1755 293 retribu-

970 299 1115 336 tionem
1132 299 1178 335 de
1193 298 1323 335 amicis
1340 300 1485 346 habuit,
1499 313 1592 347 quos
1606 302 1659 339 sie
1674 315 1754 340 car-

970 347 1108 383 naliter
1126 346 1255 383 dilexit
1276 350 1312 382 et
1330 348 1536 393 promovit;
1561 350 1613 385 sic
1635 353 1671 386 et
1691 351 1756 387 ho-

970 395 1029 430 die
1048 395 1155 431 multi
1169 393 1337 440 religiosi
1357 396 1618 433 carnalitatem
1641 398 1754 434 nimis

971 447 1185 488 sequentes,
1200 452 1275 477 non
1293 452 1337 478 ea
1355 453 1437 488 quae
1457 443 1612 489 spiritus
1630 448 1666 481 et
1686 446 1750 482 Dei

971 493 1071 533 sunt,
1094 490 1159 525 sed
1184 500 1267 534 quse
1288 489 1411 525 carnis
1435 494 1470 525 et
1492 491 1631 528 diaboli
1652 496 1751 537 sunt,

970 536 1010 572 in
1031 536 1279 573 electionibus
1300 536 1376 572 suis
1391 537 1557 583 sapiunt,
1578 542 1615 574 et
1632 540 1754 585 magis

971 584 1120 631 corpori
1144 594 1257 631 quam
1278 585 1414 619 animae
1436 585 1632 630 providere
1657 587 1756 623 solli-

971 631 1034 667 citi
1065 636 1165 668 sunt.
1194 631 1299 667 Multi
1329 631 1429 667 enim
1463 633 1586 678 potius
1614 634 1756 679 eligunt

971 680 1113 715 bonum
1132 689 1308 725 coquum,
1334 680 1396 724 qui
1419 680 1632 716 carnalibus
1652 681 1757 717 volu-

971 727 1135 772 ptatibus
1162 737 1292 762 eorum
1319 726 1538 770 satisfaciat,
1561 738 1674 773 quam
1702 728 1755 764 vi·

970 785 1054 809 rum
1074 775 1263 818 devotum,
1284 773 1349 819 qui
1370 773 1595 811 utilitatibus
1616 775 1757 811 anima-

971 832 1054 857 rum
1083 821 1270 867 proficiat,
1302 824 1343 857 ut
1371 821 1424 857 sic
1448 821 1557 858 simul
1588 834 1672 859 cum
1692 823 1756 858 illo

971 868 1111 904 ducant
1139 868 1179 904 in
1212 867 1321 905 bonis
1348 868 1430 905 dies
1457 880 1563 912 suos;
1592 873 1629 906 et
1651 871 1758 916 quasi

971 916 1017 951 de
1038 916 1111 951 alia
1131 915 1208 952 vita
1225 916 1429 962 desperati,
1450 917 1636 963 recipiant
1656 919 1757 954 bona

971 962 1009 998 in
1030 965 1105 999 vita
1131 974 1212 1007 sua,
1235 974 1277 999 ac
1301 964 1332 999 si
1357 965 1410 999 sic
1430 963 1549 1000 iretur
1570 965 1618 1000 ad
1638 968 1753 1002 astra.

972 1010 1016 1045 Hi
1043 1011 1138 1046 tales
1159 1010 1301 1046 similes
1324 1010 1399 1046 illis
1424 1014 1524 1056 sunt,
1547 1013 1593 1048 de
1620 1012 1758 1058 quibus

972 1057 1109 1094 Seneca
1132 1057 1183 1093 sie
1205 1057 1295 1093 dicit
1315 1071 1325 1093 .·
1345 1073 1361 1089 «
1380 1057 1539 1101 Quidam
1556 1059 1756 1105 voluptati-

971 1105 1041 1140 bus
1063 1115 1102 1140 se
1122 1104 1365 1149 immergunt,
1388 1105 1524 1150 quibus
1546 1106 1582 1141 in
1602 1117 1757 1142 consue-

972 1151 1141 1187 tudinem
1154 1151 1327 1187 adductis
1343 1163 1471 1187 carere
1488 1164 1563 1188 non
1577 1158 1755 1199 possunt3

972 1202 1008 1234 et
1035 1199 1082 1234 ob
1111 1199 1182 1234 hoe
1212 1198 1414 1234 miserrImi
1443 1203 1543 1242 sunt,
1579 1201 1678 1245 quod
1714 1212 1756 1237 eo

971 1248 1240 1291 pervenerunt,
1262 1250 1302 1281 ut
1321 1245 1394 1281 illis
1417 1257 1499 1292 quae
1521 1247 1675 1283 sui-irunt
1696 1259 1757 1284 su-

970 1303 1170 1338 pervacua,
1194 1293 1292 1329 sacta
1313 1293 1389 1328 sint
1411 1294 1636 1330 necessaria.
1658 1307 1676 1328 »
1694 1297 1758 1331 llis

972 1339 1085 1375 etiam
1115 1339 1254 1376 talibus
1283 1340 1463 1386 applicari
1490 1345 1626 1388 potest,
1656 1343 1756 1389 qumi

971 1387 1016 1423 de
1039 1387 1202 1433 quodam
1214 1391 1320 1433 patre
1334 1389 1471 1424 tactum
1489 1393 1555 1426 est.
1575 1390 1657 1434 Qui,
1672 1401 1756 1426 cum

973 1435 1135 1480 quadam
1154 1435 1235 1470 vice
1256 1435 1391 1471 melius
1413 1436 1523 1472 solito
1543 1448 1581 1473 se
1603 1438 1756 1473 refecis-

972 1485 1045 1525 set3
1071 1484 1180 1517 nocte
1210 1484 1380 1528 sequenti
1402 1483 1575 1519 diabolus
1599 1484 1671 1521 sibi
1693 1495 1757 1520 as-

971 1528 1121 1572 sistens,
1148 1531 1320 1565 ventrem
1349 1530 1432 1575 ejus
1456 1531 1622 1567 suaviter
1652 1533 1755 1577 quasi

971 1576 1144 1611 manibus
1161 1577 1428 1612 contrectando
1449 1577 1625 1624 dilinivit,
1642 1583 1677 1614 et
1697 1579 1759 1615 de-

970 1622 1073 1667 inde,
1098 1622 1203 1668 quasi
1225 1634 1310 1659 eum
1332 1624 1614 1670 subsannando,
1637 1626 1754 1662 dixit:

932 1706 933 1717 χ
971 1670 1080 1705 Modo
1112 1671 1222 1714 bene,
1246 1671 1356 1706 modo
1388 1672 1496 1707 bene.
1520 1673 1585 1708 Ille
1611 1676 1751 1718 autem,

113 1717 265 1759 cebant3
302 1720 338 1752 et
371 1716 577 1752 cantilenas
601 1717 778 1762 lugubres
810 1728 896 1753 can-
931 1719 934 1740 ¹

970 1716 1109 1752 diaboli
1130 1717 1345 1753 illusionem
1378 1717 1607 1765 intelligens,
1634 1722 1753 1767 preni-

970 1763 1125 1800 tentiam
1166 1764 1213 1800 de
1245 1765 1316 1800 hoe
1342 1776 1494 1801 excessu
1527 1767 1617 1812 egit,
1642 1772 1679 1804 et
1707 1769 1752 1804 ad

970 1810 1239 1847 abstinentiam
1261 1816 1480 1848 consuetam
1500 1815 1624 1850 rediit.
1649 1816 1753 1852 Istud

971 1858 1084 1894 etiam
1106 1859 1277 1904 verbum,
1304 1859 1445 1896 scilicet
1475 1872 1482 1896 :
1507 1862 1616 1897 Modo
1641 1863 1751 1908 bene,

969 1906 1082 1941 modo
1100 1906 1211 1950 bene,
1228 1910 1351 1952 potest
1366 1907 1439 1943 dici
1456 1908 1611 1944 cuilibet
1631 1909 1669 1945 in
1684 1911 1752 1946 hac

970 1954 1047 1988 vita
1066 1964 1246 1999 prospere
1274 1954 1332 1990 vel
1353 1955 1512 1991 delicate
1532 1956 1691 2002 viventi3
1718 1962 1755 1994 et

972 2001 1144 2036 similiter
1166 2001 1265 2037 istud
1288 2003 1481 2049 Evangelii
1506 2015 1513 2039 z
1536 2006 1583 2039 Et
1606 2006 1750 2050 quidem

972 2051 1011 2083 in
1038 2049 1105 2083 hac
1132 2048 1191 2084 die
1221 2052 1299 2090 tua,
1330 2061 1409 2094 qaeu
1434 2051 1483 2086 ad
1505 2062 1634 2096 pacem
1659 2053 1752 2095 tibi3

972 2106 1066 2130 mmo
1090 2099 1211 2130 autem
1232 2097 1446 2132 abscondita
1466 2102 1551 2134 sant
1573 2100 1618 2134 ab
1640 2099 1756 2136 oeulis

973 2144 1061 2183 tais,
1087 2142 1228 2178 scilicet
1247 2143 1346 2179 mala
1367 2144 1483 2180 suturi
1501 2146 1696 2192 temporis.

1022 2193 1040 2224 5
1063 2191 1222 2225 TERTIUM
1257 2202 1377 2227 MALL'M
1406 2203 1593 2229 BENEFJc‘IA
1624 2206 1756 2230 PETEN‘

973 2248 1057 2271 Tlmt
1080 2249 1090 2271 .'
1112 2248 1334 2274 INDIGNORUM
1362 2251 1555 2276 I'ROMOTIO.
1594 2263 1639 2267 —
1672 2244 1759 2278 Tel*-

974 2283 1066 2319 tinm
1101 2284 1242 2320 malum
1280 2289 1348 2330 est,
1389 2287 1476 2332 quia
1515 2288 1754 2335 plerumque,

974 2341 1087 2366 causa
1128 2332 1227 2367 mala
1259 2337 1434 2369 movente
1472 2339 1508 2370 et
1551 2336 1755 2380 alliciente,

974 2377 1135 2423 indigni,
1161 2381 1198 2414 et
1218 2381 1445 2426 quandoque
1468 2381 1580 2418 etiam
1603 2384 1692 2419 mali
1721 2386 1755 2420 et

977 2426 1102 2461 hostes
1125 2426 1262 2462 Christi
1290 2428 1338 2463 ad
1365 2429 1620 2466 ecclesiastica
1639 2432 1756 2467 bene-

975 2472 1060 2507 ficia
1080 2478 1370 2519 promoventur;
1391 2479 1427 2511 et
1445 2477 1497 2512 sie
1524 2477 1643 2523 magis
1669 2489 1759 2525 per-

976 2520 1078 2555 sonis
1112 2531 1225 2566 quam
1260 2523 1441 2567 eeclesiis,
1466 2525 1661 2570 magisque
1685 2525 1758 2561 uti-

976 2567 1070 2602 litati
1091 2568 1259 2614 privata).
1282 2580 1393 2615 quam
1414 2572 1603 2607 communi
1632 2573 1757 2619 provi*

977 2615 1107 2660 detur;
1134 2626 1202 2651 nee
1239 2617 1338 2653 fiunt
1377 2618 1503 2654 clerici
1530 2619 1588 2655 vel
1613 2619 1759 2665 praelati

977 2663 1069 2706 Deo,
1099 2663 1165 2698 sed
1192 2665 1348 2700 mundo.
1373 2666 1477 2702 Unde
1504 2677 1640 2711 magna
1669 2677 1761 2702 cura

978 2712 1035 2744 est
1060 2709 1202 2754 multiS,
1224 2715 1264 2747 ut
1285 2713 1323 2747 in
1354 2713 1466 2749 domo
1489 2725 1555 2749 sua
1576 2713 1761 2749 officiales

977 2756 1090 2792 utiles
1115 2758 1325 2803 przessciant
1343 2771 1351 2803 3
1374 2761 1440 2796 sed
1458 2772 1573 2806 parva
1594 2771 1684 2797 cura
1705 2768 1762 2801 est

980 2804 1048 2849 eis,
1070 2807 1110 2840 ut
1142 2805 1181 2841 in
1209 2806 1320 2843 domo
1354 2808 1420 2843 Dei
1457 2807 1652 2844 ministros
1678 2808 1770 2844 ido..

1646 2876 1684 2907 12
