1894 3186
411 227 461 260 DE
497 224 776 259 REFECTIONE
813 222 1007 264 QUINQUE
1044 220 1234 255 MILLIUM
1272 219 1494 253 llOMINUM.
1702 219 1762 254 167

135 303 242 335 ctum
262 309 343 335 esse
361 297 585 334 ostenderet.
606 294 749 332 Deinde
773 295 907 339 oravit,

136 346 241 384 Patri
277 345 416 392 gratias
451 354 579 390 agenS,
620 346 660 379 ut
692 344 909 379 ostenderet

138 398 323 441 quantum
344 394 390 429 de
415 391 555 428 nostris
574 391 804 438 profectibus
823 401 908 436 gra-

134 442 288 485 tuletur,
310 444 359 484 et,
382 439 585 476 secundum
604 440 907 483 Chrysostomum,

134 492 179 526 ut
204 489 421 524 informaret
449 497 517 522 nos
543 486 591 522 ad
624 486 791 533 agendas
812 496 908 521 sem-

137 546 206 583 per
242 537 317 571 Deo
342 533 498 580 gratias,
523 544 607 569 cum
632 534 687 569 vel
725 533 763 569 in
798 544 910 568 carne

132 582 336 627 reficimur,
356 582 413 618 vel
434 581 472 617 in
491 580 639 626 ani1na;
661 586 696 617 et
716 592 792 616 non
809 580 910 626 prius

132 632 292 675 tangere
310 640 494 675 mensam,
517 629 636 665 donec
661 628 803 675 gratias
823 639 910 673 ege-

135 677 254 714 rimus
275 676 322 721 ei,
344 676 405 722 qui
429 677 552 713 cibum
572 677 672 712 hunc
692 676 800 712 uobis
819 686 912 721 prze-

136 724 231 769 buit,
260 728 297 760 et
323 725 388 760 dat
417 724 526 760 nobis
545 735 661 760 eseam
688 726 726 759 in
757 728 912 769 tempore

133 776 348 818 opportuno.
373 771 552 808 Similiter
569 771 697 816 etiam,
710 772 910 815 benedicete,

135 823 175 856 ut
210 830 277 856 sua
315 819 580 856 benedictione
623 818 913 865 multiplicaren-

139 868 219 910 tur3
242 866 295 902 sic
317 867 417 902 enini
436 866 473 902 in
503 866 689 913 principio
711 865 912 902 creationis

135 923 278 955 rerum,
293 914 466 951 omnibus
476 915 657 950 creaturis
669 913 911 957 benedicens,

135 961 291 997 contulit
317 962 390 997 illis
424 962 635 998 naturalem
656 961 846 1005 virtutem,
875 964 914 996 ut

137 1018 181 1044 ex
202 1019 242 1044 se
265 1009 424 1045 invicem
450 1009 673 1045 naturaliter
694 1008 914 1054 multiplica-

137 1059 284 1101 rentur,
305 1058 409 1102 cnjus
430 1056 694 1092 benedictione
715 1056 829 1091 semel
851 1066 911 1090 ac-

137 1106 257 1148 cepta,
280 1115 397 1148 usqne
428 1104 538 1139 hodie
575 1103 800 1139 fructificare
839 1113 913 1137 non

141 1156 287 1186 cessant
307 1162 315 1194 ;
338 1151 462 1196 inquo
483 1151 548 1186 dat
568 1150 791 1196 exemplum,
814 1149 914 1195 quod

141 1196 182 1232 in
208 1197 390 1243 principio
412 1208 554 1234 mensae
575 1198 755 1233 debemus
778 1207 912 1242 panem

133 1243 211 1280 Deo
232 1245 382 1288 offerre,
401 1249 437 1281 et
468 1244 766 1281 benedictionem
784 1255 912 1290 super—

134 1301 222 1327 nam
264 1303 376 1337 super
409 1292 530 1339 ipsum
562 1292 710 1336 elicere,
744 1294 780 1328 et
813 1291 914 1337 quod

138 1348 213 1373 non
233 1339 414 1375 debemus
442 1340 489 1375 ad
515 1350 687 1375 mensam
720 1339 912 1382 accedere,

136 1385 194 1421 vel
214 1386 336 1422 cibum
357 1397 519 1431 sumere,
541 1387 611 1423 nisi
632 1386 828 1433 praemissa
849 1387 915 1422 be-

136 1432 360 1470 nedictione.
391 1436 436 1470 Et
464 1434 575 1470 istam
600 1434 914 1477 benedictionem,

137 1483 178 1516 ut
199 1482 375 1525 creditur,
397 1481 566 1518 Christus
583 1481 774 1527 aliquibus
792 1480 917 1516 verbis

140 1529 336 1573 expressit,
357 1528 494 1574 quibus
521 1532 732 1564 creaturam
763 1532 800 1564 et
829 1539 915 1564 san-

142 1575 332 1618 ctificavit,
364 1580 400 1612 et
432 1575 714 1622 multiplicavit3
746 1576 811 1611 sed
835 1586 918 1621 quae

147 1621 212 1657 illa
244 1624 359 1659 verba
383 1623 534 1668 fuerint,
566 1622 812 1669 Evangelistae
844 1634 919 1658 non

145 1674 303 1715 ponunt,
332 1670 417 1715 qnia
440 1671 535 1707 forte
557 1674 698 1706 secrete
727 1681 772 1706 ea
795 1673 920 1716 protu-

148 1716 202 1752 lit.
224 1719 270 1752 Et
289 1720 416 1761 fregit,
439 1718 477 1753 in
497 1728 648 1764 grossas
675 1722 815 1764 partes,
844 1728 918 1752 non

150 1763 261 1800 scidit
286 1775 353 1810 per
388 1764 580 1809 minutias,
602 1767 642 1800 ut
668 1776 736 1800 nos
768 1765 919 1800 doceret

146 1820 283 1857 panem
304 1816 474 1848 nostrum
506 1813 681 1857 frangere
708 1812 860 1855 debere,
883 1814 919 1846 et

146 1857 235 1894 dare
256 1859 506 1905 pauperibus,
531 1863 567 1895 et
596 1858 649 1894 sic
674 1858 919 1904 multiplicata

144 1909 200 1941 est
222 1905 286 1941 illa
308 1906 477 1950 materia,
500 1907 597 1942 inter
620 1917 754 1942 manns
783 1905 918 1942 Christi

139 1951 345 2004 frangentis
361 1969 368 1988 :
387 1953 473 1998 quia
488 1954 560 1989 1100
575 1953 690 1989 fiebat
709 1954 844 1988 virtute
859 1953 920 1988 de-

140 1999 256 2044 itatis,
281 2000 386 2045 cujus
416 2011 599 2045 organum
626 2003 662 2035 et
688 1999 917 2035 instrumen-

140 2048 220 2082 tum
249 2050 306 2082 est
334 2047 548 2083 hnmanitas
578 2048 672 2094 ejus.
707 2048 918 2083 Secundum

142 2094 445 2137 chrysostomum,
486 2094 654 2131 Christus
697 2094 921 2140 multiplicat

141 2151 257 2187 panes
292 2145 329 2177 et
364 2143 499 2187 pisces,
533 2142 581 2178 ad
612 2141 917 2186 significandum,

143 2188 240 2233 quod
262 2191 337 2224 tam
358 2189 466 2234 mari,
484 2200 597 2235 quam
613 2189 729 2225 aridae
748 2189 918 2225 domina-

142 2238 215 2271 tur.
229 2237 350 2280 Freqit
362 2247 464 2282 ergo,
480 2240 518 2273 et
528 2237 734 2282 frangendo
747 2236 921 2282 multipli-

143 2282 260 2327 cavit3
275 2284 447 2329 deditque
459 2285 653 2330 discipulis
670 2286 760 2328 suis,
779 2284 921 2320 scilicet

144 2341 259 2378 panes
283 2334 318 2367 et
344 2331 466 2377 pisces
488 2331 769 2377 multiplicatos,
789 2334 827 2367 ut
852 2342 919 2377 po-

147 2381 280 2414 nerent
300 2383 386 2415 ante
414 2379 559 2422 turbas,
580 2378 619 2414 in
644 2378 790 2425 signnm
820 2378 920 2424 quod

149 2426 238 2462 data
252 2429 338 2461 sunt
352 2426 574 2472 temporalia
584 2425 922 2472 praelatis,propter

144 2483 329 2519 pauperes
347 2474 575 2519 pascendos;
594 2477 631 2510 et
650 2473 702 2510 sic
722 2484 789 2520 per
810 2472 921 2508 disci-

155 2520 262 2566 pulos
283 2520 484 2566 distribuit,
503 2520 542 2557 id
563 2524 618 2557 est
644 2520 816 2556 distribui
838 2519 925 2556 fecit

154 2567 472 2604 discumbentibus
492 2584 500 2602 ι
521 2568 687 2605 officium
708 2567 808 2604 enim
828 2578 923 2613 prae-

150 2614 216 2651 lati
237 2618 292 2650 est
311 2614 539 2659 ministrare,
556 2619 592 2652 et
607 2626 684 2652 non
705 2613 923 2650 ministrari.

203 2665 224 2697 6
244 2663 429 2698 Duonsscm
454 2674 595 2698 corium
614 2675 659 2699 nn
677 2673 854 2702 armoniis
875 2673 929 2696 m-

160 2719 271 2745 PLETI.
292 2730 334 2735 -—
352 2711 455 2755 lpsos
474 2713 600 2746 autem
618 2720 734 2756 panes
755 2715 792 2745 et
808 2710 927 2755 pisces

164 2754 342 2807 Dominus
361 2756 414 2792 ita
433 2756 708 2803 multiplicavit,
740 2759 779 2792 ut
799 2766 929 2792 omnes

161 2811 228 2848 pro
251 2801 360 2838 libitu
381 2814 449 2840 suo
475 2804 728 2847 comederent,
755 2806 792 2839 et
814 2804 930 2838 multa

160 2849 372 2894 fragmenta
409 2855 642 2897 superarent.
674 2851 778 2888 Unde
805 2850 928 2896 sequi-

980 296 1043 330 tur
1064 303 1072 330 :
1098 293 1144 328 Ut
1164 293 1285 326 autem
1302 291 1444 335 impleti
1459 294 1556 331 sunt,
1570 291 1658 336 qnia
1677 302 1755 329 om-

982 350 1050 377 nes
1069 338 1391 375 manducaverunt
1411 341 1448 372 et
1470 338 1628 374 saturati
1656 342 1757 386 sunt,

983 387 1085 435 quod
1097 384 1760 432 signiticatcoelest,‹›111reiectionem,

984 437 1020 472 in
1036 445 1112 482 qua
1125 433 1248 469 Sancti
1264 431 1374 478 plene
1389 432 1586 474 satiantur,
1599 435 1761 471 ‹litome-

983 494 1047 520 sus
1065 481 1258 526 discipulis
1279 481 1370 514 suis:
1388 482 1553 523 Colligsite
1565 493 1644 526 quae
1659 493 1763 528 supe-

982 532 1156 567 raverunt
1170 530 1379 572 fraqmenta
1394 528 1492 563 unde
1514 529 1637 564 cibum
1653 540 1762 574 egen·

984 578 1082 614 tibus
1101 576 1338 623 praeberent;
1362 585 1437 610 1100
1457 577 1507 610 510
1528 576 1631 612 «lives
1653 577 1761 623 epulo

985 626 1087 668 fecit,
1107 625 1211 670 qu'us
1232 621 1409 667 reliquias
1429 633 1556 667 canes,
1577 635 1650 659 non
1672 635 1762 669 pau-

984 685 1103 720 peres,
1128 670 1390 712 comedebant,
1419 671 1477 705 cni
1510 671 1621 706 1101110
1654 672 1763 709 multi

984 724 1070 756 sunt
1089 718 1351 760 simites‚idem
1366 717 1423 752 vel
1441 718 1546 764 pejus
1567 718 1758 756 facientes.

986 771 1027 805 In
1064 769 1134 804 hoc
1176 766 1313 812 quippe
1341 765 1440 811 quod
1474 766 1622 802 turbam
1647 768 1763 813 pavit,

987 816 1090 851 dedit
1118 813 1227 850 nohis
1264 812 1490 858 exemplum,
1520 817 1557 849 ut
1588 815 1765 859 operibus

988 862 1259 899 misericordiae
1303 860 1520 896 insistamus
1553 873 1561 905 ;
1605 865 1640 897 et
1680 861 1767 898 licet

987 912 1057 946 hoc
1071 911 1118 945 sit
1138 909 1384 951 laboriosum,
1403 909 1529 943 tamen
1541 911 1595 944 est
1610 910 1766 946 multum

987 959 1238 994 fructuosum.
1270 956 1497 999 Colleqerunt
1530 966 1615 1000 erqo
1648 960 1681 992 et
1707 959 1772 993 im-

989 1008 1192 1051 plevertmt,
1217 1004 1262 1039 de
1286 1002 1468 1047 reliquiis,
1492 1004 1680 1039 clrcodecim
1713 1015 1767 1040 co-

985 1055 1130 1098 phinos,
1154 1052 1224 1086 hoc
1242 1052 1298 1085 est
1319 1060 1472 1094 magnas
1500 1055 1660 1096 sportas,
1683 1062 1767 1097 quae

990 1098 1141 1135 ciri-ulis
1160 1108 1228 1144 per
1246 1107 1340 1142 quos
1353 1097 1508 1132 brachia
1530 1100 1765 1145 inseruntur,

988 1147 1025 1182 in
1037 1147 1149 1182 dorso
1162 1146 1376 1190 portantum
1395 1145 1652 1190 unusquisque
1665 1147 1767 1183 enim

987 1193 1251 1240 Apostolorum
1269 1190 1398 1235 implet
1418 1191 1619 1235 cophinum
1641 1204 1765 1239 suum,

988 1247 1029 1277 ut
1044 1239 1211 1286 quolibet
1228 1248 1358 1274 eorum
1373 1248 1490 1273 unum
1509 1250 1623 1285 super
1644 1241 1771 1277 hume·

987 1299 1072 1324 rum
1095 1288 1332 1333 apportante,
1360 1284 1551 1322 ineffabile
1582 1287 1771 1324 videretur

990 1336 1226 1372 miraculum.
1256 1334 1322 1369 Hic
1358 1334 1507 1369 Domini
1547 1336 1771 1372 miraculum

990 1386 1276 1430 augmentatum
1311 1382 1370 1416 est
1395 1393 1403 1425 3
1447 1392 1626 1427 magnum
1668 1384 1769 1419 enim

992 1430 1216 1467 miraculum
1238 1431 1351 1474 esset,
1365 1429 1395 1465 si
1411 1429 1457 1465 de
1474 1429 1639 1475 quinque
1658 1431 1772 1476 pani-

992 1480 1062 1515 bus
1090 1483 1126 1514 et
1152 1478 1199 1513 de
1226 1477 1373 1514 duobus
1401 1476 1577 1522 piscibus,
1604 1478 1773 1523 quinque

995 1525 1162 1561 millibus
1180 1525 1375 1562 hominum
1398 1525 1556 1566 satiatis,
1570 1524 1620 1559 nil
1640 1535 1774 1571 super-

993 1576 1122 1618 esset3
1145 1576 1184 1608 at
1203 1572 1355 1616 signnm
1383 1571 1498 1607 crevit
1520 1574 1626 1617 juxta
1659 1572 1776 1608 admi-

994 1623 1196 1664 rationem,
1225 1619 1312 1665 qnia
1352 1630 1427 1655 11011
1454 1620 1574 1654 solum
1602 1619 1771 1665 quinque

994 1667 1112 1703 millia
1133 1668 1330 1702 hominum
1352 1665 1476 1703 satiati
1501 1669 1599 1710 511111,
1620 1667 1684 1702 sed
1707 1667 1774 1703 eti-

994 1726 1055 1751 am
1068 1716 1123 1750 tot
1140 1716 1353 1760 fragmenta
1373 1717 1654 1757 remanserunt,
1672 1714 1772 1750 unde

994 1762 1194 1799 duodecim
1221 1761 1372 1806 cophini
1405 1761 1653 1805 replerentur.
1691 1761 1772 1797 Hoc

993 1821 1084 1856 ergo
1111 1810 1224 1844 etiam
1260 1808 1307 1844 ad
1340 1807 1565 1844 evidentium
1601 1808 1773 1845 miraculi

995 1858 1095 1900 tacit,
1139 1855 1239 1902 quod
1277 1856 1361 1900 plus
1388 1854 1582 1897 remansit,
1612 1866 1724 1901 qnam
1749 1866 1771 1892 a

996 1904 1179 1950 principio
1197 1902 1279 1939 suit,
1293 1904 1349 1947 Et,
1364 1913 1448 1938 secu
1456 1905 1569 1937 ndum
1581 1903 1772 1949 Cyrillum,

994 1954 1066 1988 hoc
1086 1951 1227 1987 sactum
1250 1954 1320 1995 est,
1347 1955 1385 1986 ut
1425 1949 1511 1985 hinc
1532 1953 1628 1985 esset
1650 1950 1773 1986 mani-

995 2001 1090 2036 t‘esta
1110 1998 1347 2042 certificatio,
1371 1997 1471 2043 quod
1493 2007 1586 2042 opus
1604 1998 1771 2034 caritatis

997 2048 1032 2082 in
1065 2045 1268 2092 proximos,
1294 2046 1449 2081 uberem
1471 2044 1641 2080 vendicet
1662 2046 1771 2081 retri-

996 2094 1189 2130 butionem
1210 2104 1231 2128 a
1251 2094 1349 2137 130ος
1368 2096 1417 2136 01,
1439 2092 1647 2127 secundum
1666 2093 1773 2128 Theo—

992 2143 1219 2187 phylactum‚
1231 2143 1273 2175 ut
1291 2139 1570 2175 addisceremus
1590 2143 1773 2184 qnantum

1002 2187 1238 2234 hospitalitas
1266 2191 1399 2232 potest,
1429 2189 1466 2221 et
1496 2189 1678 2232 quantum
1711 2197 1775 2223 au-

1002 2240 1138 2288 gentur
1156 2238 1298 2279 nostra,
1321 2233 1670 2279 cuinindigentibus
1687 2234 1775 2270 sub-

994 2293 1176 2319 venimus.

1041 2345 1060 2376 7
1083 2331 1281 2365 AnninArio
1302 2339 1437 2364 TURBAE.
1466 2349 1513 2354 ——
1531 2329 1593 2364 Illi
1610 2339 1693 2373 erqo
1709 2330 1775 2365 ho-

999 2381 1127 2417 mines,
1150 2375 1295 2421 aliquid
1317 2375 1364 2411 de
1397 2375 1541 2411 ratione
1576 2377 1775 2419 habentes,

999 2435 1080 2460 cum
1090 2424 1282 2466 vidissent,
1298 2423 1502 2469 potentiam
1525 2422 1690 2458 divinam
1708 2434 1776 2470 per

999 2472 1176 2508 effectum
1201 2471 1414 2517 probatam,
1442 2471 1538 2516 quod
1562 2472 1699 2513 fecerat
1725 2472 1775 2506 si-

999 2530 1126 2563 qnum,
1159 2518 1251 2554 alias
1278 2528 1355 2554 non
1398 2518 1581 2563 auditum,
1624 2517 1664 2553 in
1702 2527 1775 2563 quo

997 2566 1170 2612 probavit
1206 2576 1245 2602 se
1284 2576 1363 2601 esse
1402 2566 1522 2600 Deum
1540 2592 1548 2608 ,
1591 2565 1679 2610 quia
1712 2564 1778 2600 illa

1000 2612 1259 2659 multiplicatio
1280 2623 1345 2658 per
1360 2612 1535 2647 Elisaenm
1550 2611 1659 2655 sacta,
1682 2610 1776 2646 mul-

1001 2666 1081 2696 tum
1102 2661 1302 2696 deficiebat
1319 2660 1366 2695 ab
1384 2661 1475 2703 ista3
1499 2660 1678 2699 dicebant,
1696 2667 1775 2693 ma-

1002 2708 1227 2753 gnificantes
1249 2708 1365 2743 Deum
1390 2717 1398 2742 :
1425 2707 1519 2749 Quia
1548 2707 1606 2741 hic
1628 2708 1680 2740 est
1698 2714 1779 2740 vere

1004 2753 1288 2800 Prophetajmo,
1301 2754 1505 2790 secundum
1514 2753 1778 2796 Auqustinum,

1003 2802 1083 2847 ipse
1116 2800 1298 2837 Dominus
1321 2801 1608 2846 Prophetarum,
1635 2798 1680 2834 de
1704 2808 1779 2844 quo

1003 2848 1096 2885 dixit
1120 2850 1267 2895 Moyses
1295 2859 1305 2884 z
1332 2848 1548 2893 Prophetiam
1587 2845 1781 2883 suscitabit
