1894 3186
313 168 365 201 DE
403 167 646 201 AMBITIONE
684 167 735 201 ET
772 167 1033 205 QUIBUSDAM
1060 168 1190 201 ALHS
1229 169 1513 205 DEFECTIBUS.
1685 171 1743 205 ¹75

103 240 279 289 quiescit3
303 239 369 276 sed
386 239 443 274 vel
462 238 658 282 honorem,
675 248 785 283 quem
803 249 879 274 non

102 290 215 326 habet
242 286 395 335 appetit,
427 285 483 322 vel
513 295 601 321 eum
627 295 738 330 quem
768 286 879 322 habet

102 336 274 374 amittere
302 333 447 376 metuit;
477 336 514 368 et
540 333 591 368 sic
615 332 787 369 diabolus
815 344 879 369 cor

103 385 183 431 ejus
197 393 345 428 semper
359 382 482 416 movct
501 383 539 415 et
553 383 666 424 rotat,
686 384 879 427 tamquam

102 431 356 468 molendinum
380 427 478 473 quod
501 437 708 473 numquam
732 431 878 473 pausat.

150 491 167 514 2
184 479 323 513 Primum
335 486 647 510 MALUMBENEFICIA
660 486 875 511 memmium:

101 536 274 561 nnrsscrus
297 534 520 558 VOCATIONIS.
544 543 588 548 —
609 523 652 557 Et
673 526 760 558 nota
780 523 879 559 circa

99 573 198 609 hanc
227 570 437 614 materiam,
469 570 568 615 quod
600 572 739 615 practer
768 570 879 605 simo-

100 619 202 656 niam
235 622 272 654 et
302 618 375 653 alia
406 617 517 661 mala,
547 627 630 662 quae
661 618 879 662 frequenter

99 677 177 703 non
203 665 282 701 sine
304 664 407 710 gravi
433 664 610 700 scandalo
632 664 876 700 committun-

99 716 173 757 tur,
191 716 276 749 sunt
290 713 411 748 adhuc
425 712 596 758 quaedarn
614 712 726 755 mala,
745 712 879 757 quibus

99 761 209 797 hodic
232 761 352 804 multi,
375 760 481 805 quasi
500 770 576 795 non
594 759 707 803 mala,
723 760 788 795 sed
805 759 879 794 lici*-

99 855 177 891 lum
198 858 267 898 est,
291 856 378 900 quia
398 854 566 900 plerique
586 857 790 899 antemi-am
813 865 877 889 vo-

99 960 160 985 ras
180 948 466 993 ecclesiasticas,
486 959 552 995 per
573 960 624 992 se,
644 952 680 984 et
698 960 765 995 per
786 949 880 985 alios

100 996 258 1032 sollicite
270 1000 545 1042 quaerunt31icc
558 996 790 1032 vocationem
810 997 880 1031 hu-
917 1019 919 1041 ᾗ

99 1044 237 1079 mililer
252 1047 480 1089 exspectant,
494 1045 559 1079 sed
575 1043 772 1079 ambitiose
788 1054 881 1089 prae·
917 1052 919 1064 ¹

100 1091 269 1126 veniunt.
298 1092 342 1126 Hi
371 1091 466 1127 male
494 1091 689 1135 accedunt,
718 1093 880 1126 testante

98 1138 292 1184 Apostolo,
315 1139 383 1183 qui,
404 1138 457 1173 sic
481 1137 532 1173 ait
554 1150 562 1174 ε
587 1140 659 1175 Nec
685 1140 880 1183 quisquam

98 1234 182 1274 Deo,
210 1237 396 1278 tamquam
420 1234 558 1268 Aaron.
586 1233 880 1275 Quantumcum-

99 1290 171 1326 que
191 1280 290 1315 euim
310 1279 502 1316 sufficiens
519 1279 601 1326 quis
620 1279 732 1315 fuerit
753 1282 788 1315 et
809 1280 880 1314 vir·
918 1289 920 1326 l

918 1369 920 1374 Ι
953 1327 1125 1371 lectatur,
1152 1338 1194 1363 ac
1218 1327 1373 1364 honoris
1395 1328 1451 1364 sui
1472 1329 1731 1375 singularitate

98 1385 174 1411 non
191 1378 404 1410 assumatur
420 1374 566 1410 invitus.
583 1376 675 1410 Nam
693 1385 776 1410 cum
798 1373 881 1420 quis
918 1378 920 1392 ¹

98 1329 239 1371 tuosus,
265 1328 433 1373 profecto
466 1338 542 1363 non
570 1326 640 1363 erit
673 1327 820 1373 dignus,
850 1326 879 1361 si

98 1422 252 1458 honorisv
274 1422 474 1467 primatum
495 1422 626 1466 ambit,
647 1434 690 1458 ex
708 1423 779 1458 hoc
800 1421 879 1457 solo

100 1469 261 1505 efficitur
280 1470 470 1516 mdignus,
490 1469 578 1515 quia
599 1470 763 1506 indebite
783 1480 880 1515 prze-

99 1516 224 1552 sumit.
242 1518 345 1552 Unde
363 1519 619 1562 Auqustinus:
640 1532 657 1549 «
677 1519 801 1554 Status
819 1528 881 1551 su-

100 1615 174 1655 tur,
198 1613 265 1647 etsi
287 1613 378 1646 benc
395 1612 690 1655 administretur,
709 1612 883 1647 indecen-

100 1708 224 1750 90rz'us
246 1719 256 1741 .-
281 1721 299 1738 «
326 1706 535 1742 Virtutibus
562 1706 705 1751 pollens
731 1709 883 1742 coactus

101 1753 149 1789 ad
166 1752 334 1800 regimen
348 1753 487 1798 veniat3
503 1753 704 1790 virtutibus
721 1765 807 1789 vcro
823 1764 884 1788 va-

101 1810 206 1844 cuus,
240 1811 309 1836 nec
336 1804 486 1836 coactus
512 1801 678 1837 accedat.
702 1814 721 1833 »
751 1802 802 1836 De
827 1801 883 1836 his

100 1847 163 1893 qui
180 1858 262 1883 sese
278 1847 316 1883 in
334 1849 603 1893 patrimonium
624 1848 759 1884 Christi
779 1847 882 1893 inge-

99 1899 203 1939 runt,
244 1896 296 1931 sic
331 1895 420 1931 dicit
452 1895 662 1931 Bernartius
696 1908 706 1930 τ
738 1908 756 1929 «
785 1895 881 1931 Audi

101 1991 275 2025 meritate
292 1990 481 2035 loquatur.
498 1992 588 2035 Ipsi,
610 1990 743 2035 inquit,
755 2001 882 2033 reyna-

101 2040 246 2077 verunt,
268 2040 301 2072 et
322 2048 392 2072 non
413 2048 458 2072 θα)
479 2047 551 2079 me3
563 2038 751 2082 principes
772 2038 884 2072 eaesti-

102 2086 236 2128 temni,
262 2087 294 2119 et
315 2095 376 2128 eqo
393 2095 463 2120 non
482 2086 609 2120 vocavi
628 2095 698 2120 eos.
716 2083 808 2127 Quid
833 2085 882 2119 is-

101 2132 168 2167 tud
193 2131 432 2176 temmitatis,
465 2131 542 2167 imo
577 2131 667 2178 quid
699 2131 884 2167 insaniae?

102 2179 171 2215 Ubi
192 2180 305 2214 timor
325 2179 412 2215 Dei?
434 2178 503 2215 Ubi
521 2179 655 2215 mortis
674 2178 885 2214 memorIa‘?

102 2226 171 2263 Ubi
198 2227 382 2271 gehennae
406 2231 528 2263 metus
556 2229 592 2262 et
614 2226 794 2263 terribilis
821 2237 882 2262 ex-

101 2273 282 2319 spectatio
304 2274 463 2320 judicii?
500 2287 518 2308 »
551 2275 633 2310 haec
657 2274 883 2310 Ber-nardus.

102 2320 222 2365 Unde,
245 2321 274 2356 si
295 2322 429 2367 aliquis
446 2321 493 2357 ad
512 2322 676 2368 primum
699 2322 822 2357 locum
845 2320 885 2356 in

101 2368 267 2403 Ecclesia
293 2367 456 2415 eligitur,
483 2368 681 2405 tolerabile
705 2372 774 2414 est,
798 2367 886 2404 licet

101 2413 368 2461 periculosum,
406 2414 507 2462 quia,
540 2416 746 2452 secundum
779 2426 884 2451 eum-

103 2461 190 2497 dem
215 2463 453 2509 Bernardum,
475 2474 551 2499 non
577 2474 707 2500 omnes
733 2462 795 2509 qui
818 2473 884 2498 vo-

103 2511 236 2545 cantur
266 2511 313 2545 ad
340 2511 604 2556 ministerium,
629 2510 818 2558 eliguntur
847 2512 884 2546 et

103 2556 152 2593 ad
183 2567 357 2603 regnum,
386 2558 483 2594 sicut
506 2560 611 2605 patet
638 2558 684 2594 de
708 2558 818 2594 Saiile
846 2558 884 2592 in

103 2613 236 2648 regno,
251 2609 288 2640 et
302 2605 347 2640 de
362 2606 381 2641 J
386 2605 458 2641 uda
474 2605 513 2641 in
528 2605 737 2642 sacerdotio
756 2604 884 2641 electis

105 2660 128 2687 a
144 2651 235 2687 Deo.
260 2652 344 2695 Sed,
367 2654 395 2687 si
418 2663 457 2688 se
476 2651 628 2699 ingerit,
648 2652 884 2699 procurando

106 2707 146 2733 se
156 2697 257 2744 eligi,
273 2699 489 2736 damnabile
504 2705 561 2736 est
576 2705 614 2736 et
631 2699 884 2747 perniciosum

107 2744 261 2781 omnino
284 2758 292 2782 ε
314 2757 424 2783 nemo
445 2746 546 2783 enim
571 2747 683 2784 debet
701 2745 804 2792 eligi,
824 2747 883 2782 vel

107 2794 333 2838 promoveri,
367 2804 433 2830 seu
460 2794 617 2841 praefici,
640 2795 712 2831 nisi
737 2794 784 2830 de
809 2804 883 2840 quo

952 237 1111 284 Spiritus
1123 239 1280 275 Sanctus
1294 240 1550 287 inspiraverit;
1565 241 1733 289 alioquin

952 286 1020 332 ipsi
1052 285 1203 331 Spiritui
1240 287 1374 323 Sancto
1404 288 1544 334 injuria
1575 290 1627 325 fit.
1664 290 1732 327 Ubi

952 337 1053 376 nota,
1070 334 1168 377 quod
1204 343 1288 369 cum
1323 341 1472 371 sanctus
1507 337 1732 383 Ludovicus,

951 391 1015 416 rex
1036 379 1218 424 Franciae,
1242 392 1263 416 a
1287 384 1448 427 quodam
1473 384 1606 420 devoto
1631 396 1733 430 quse-

951 431 1062 471 reret,
1089 439 1154 463 cur
1177 427 1348 475 Episcopi
1371 432 1496 475 modo,
1516 433 1611 467 sicut
1629 434 1732 478 olim,

951 476 1071 511 sancti
1104 486 1179 511 non
1209 482 1353 520 essent;
1384 476 1458 522 ille,
1492 482 1532 514 ut
1555 480 1735 524 creditur,

952 526 1045 558 nutu
1065 522 1204 567 divino,
1227 524 1421 569 respondit
1446 536 1453 560 z
1485 540 1502 557 «
1528 527 1623 569 Quit
1647 530 1732 562 tunc

917 581 919 584 ’
951 568 1123 616 Episcopi
1147 581 1211 614 per
1233 571 1506 608 invocationem
1525 578 1559 609 et
1578 573 1736 618 inspira-

951 617 1093 653 tionem
1115 617 1274 664 Spiritus
1294 619 1419 655 Sancti
1438 621 1484 655 ab
1506 621 1730 657 electoribus

953 665 1131 700 canonice
1159 665 1408 711 eligebantur,
1433 678 1530 702 nunc
1556 679 1643 703 vero
1665 679 1731 714 per

953 713 1245 765 supplicationes
1272 717 1308 749 et
1327 716 1611 760 procurationes
1639 717 1732 751 alias

953 760 998 795 de
1031 771 1085 795 eis
1143 761 1349 797 revidetur·
1385 764 1421 797 et
1450 763 1497 798 ob
1524 763 1593 797 hoc
1621 763 1731 798 modo

98 811 137 844 ta
164 814 300 852 essent,
323 807 577 853 implicantur.
608 806 776 842 Primum
802 818 878 842 ma-
916 788 918 819 ¹
1115 771 1138 806 p
1343 791 1350 805 ’

953 807 1071 843 sancti
1097 819 1169 843 non
1190 811 1290 852 sunt,
1310 809 1403 845 sicut
1419 809 1508 845 olim
1529 810 1736 845 communi-

916 867 919 902 ’ἰ
953 857 1011 889 ter
1039 855 1200 891 suerunt.
1234 868 1252 889 >›
1286 857 1364 899 Quo
1389 856 1530 901 audito,
1553 868 1616 892 rex
1646 857 1737 893 dixit

100 907 243 946 centur,
259 901 471 948 promoveri
483 902 530 937 ad
549 901 750 948 dignitates
765 904 801 937 et
817 913 879 937 cu·
916 906 918 917 ¹

954 903 1053 947 quod
1075 903 1120 938 de
1140 906 1264 939 cetero
1287 905 1499 939 nullatenus
1519 915 1585 950 pro
1607 904 1733 950 aliquo

954 950 1192 995 supplicaret.
1214 951 1295 986 Non
1316 951 1439 986 solum
1458 955 1583 987 autern
1604 953 1667 997 qui
1687 952 1734 988 ad

953 1007 1061 1031 cuius
1083 1000 1119 1032 et
1138 997 1337 1042 dignitates
1354 1009 1392 1033 sc
1413 999 1602 1043 ingerunt,
1619 999 1655 1034 in
1675 1009 1737 1045 pe·

953 1045 1070 1079 riculo
1093 1047 1198 1088 sunt;
1219 1045 1285 1079 sed
1300 1046 1412 1081 ctiam
1427 1046 1489 1091 qui
1505 1046 1551 1081 ad
1567 1057 1631 1081 eas
1650 1056 1735 1081 cum

917 1106 919 1120 ·
952 1091 1202 1127 delectatione
1219 1093 1416 1135 accedunt,
1441 1093 1496 1128 vel
1515 1093 1553 1127 in
1576 1104 1628 1128 eis
1650 1103 1735 1129 cum

917 1164 919 1182 ,
951 1137 1199 1174 delectatione
1229 1143 1485 1184 perseverant.
1516 1141 1620 1175 Unde
1647 1141 1734 1176 Gre-

97 1188 209 1221 sumz't
229 1187 301 1221 sibi
324 1188 509 1229 honorem;
526 1185 589 1220 sed
610 1186 675 1230 qui
695 1189 845 1220 vocatur
858 1196 880 1220 ιι
917 1193 919 1223 l

950 1188 1075 1229 florius
1106 1198 1116 1220 :
1145 1199 1164 1217 «
1185 1186 1444 1232 Unusquisque
1473 1189 1657 1232 superbus
1683 1198 1740 1223 re-

952 1235 1032 1267 ctor
1052 1233 1164 1268 toties
1183 1233 1230 1268 ad
1251 1234 1398 1279 culpam
1419 1234 1616 1278 apostasia>
1641 1234 1734 1270 dila-

954 1281 1066 1323 bitur,
1087 1280 1233 1325 quoties
1254 1291 1416 1326 praeesse
1438 1281 1653 1317 homiuibus
1674 1282 1734 1317 de-

953 1375 1113 1411 laetatur.
1151 1375 1256 1411 Unde
1290 1379 1414 1411 antem
1451 1377 1531 1412 haec
1561 1376 1737 1414 vitiorum

919 1431 921 1466 ζ
954 1422 1059 1457 radix
1075 1422 1231 1468 pullulat
1245 1424 1280 1458 in
1296 1424 1407 1459 corde
1422 1423 1646 1468 regentium,
1667 1424 1736 1459 nisi

919 1468 921 1480 ³
954 1480 996 1505 ex
1018 1469 1227 1505 imitatione
1248 1470 1347 1506 illius
1365 1472 1442 1516 qui,
1460 1472 1644 1517 despectis
1666 1473 1737 1507 An-

920 1536 921 1544 1
954 1518 1126 1564 gelorum
1155 1517 1411 1563 societatibus,
1437 1518 1528 1554 dixit
1562 1531 1569 1553 :
1599 1520 1737 1554 Ascen-

99 1573 240 1610 per.0r,
264 1566 340 1599 sine
363 1575 434 1610 quo
456 1564 666 1610 respublica
688 1576 761 1600 non
785 1563 881 1608 rcgi-
920 1572 922 1602 l

955 1566 1041 1599 ctam
1060 1575 1169 1609 super
1189 1566 1423 1601 altitudinem
1443 1567 1607 1607 nubilam
1636 1570 1669 1601 et
1686 1568 1736 1601 si-

920 1620 922 1653 l
954 1613 1053 1646 milis
1076 1622 1132 1646 cro
1156 1612 1361 1648 Altissz'mo.
1382 1613 1485 1648 Unde
1507 1623 1735 1659 magnopere

99 1661 158 1694 ter
183 1661 311 1694 tamen
337 1659 538 1705 appetitur.
559 1672 577 1691 ›>
607 1660 710 1695 Unde
735 1662 769 1694 ct
795 1659 882 1694 Gre-
920 1659 922 1688 l

955 1659 1162 1693 curandum
1183 1662 1250 1702 est,
1274 1664 1313 1695 ut
1334 1660 1395 1705 qui
1418 1660 1591 1705 regendis
1615 1659 1735 1695 homi-

920 1732 922 1751 ,
956 1706 1067 1741 nibus
1086 1706 1298 1751 praefertur,
1314 1707 1414 1752 apud
1430 1717 1468 1742 se
1484 1710 1627 1752 penset,
1647 1707 1738 1752 quia

921 1755 923 1798 l
954 1753 1002 1788 ad
1026 1752 1331 1788 satisfaciendum
1358 1753 1527 1789 districto
1547 1755 1670 1789 Judici
1693 1756 1737 1790 de

921 1806 923 1820 ⁸
954 1811 1023 1836 sua
1038 1800 1296 1835 tantummodo
1312 1802 1439 1836 anima
1454 1802 1510 1835 vix
1525 1801 1680 1845 sufficit3
1699 1806 1739 1838 at

921 1877 922 1883 ,
955 1851 1046 1892 quot
1064 1847 1239 1893 regendis
1253 1847 1411 1883 subditis
1426 1857 1563 1894 praesto
1579 1852 1634 1884 est
1652 1849 1738 1884 red-

921 1935 922 1942 ,
954 1895 1087 1930 ciendae
1101 1895 1199 1940 apud
1217 1905 1302 1930 eum
1320 1894 1476 1930 rationis
1497 1899 1676 1941 tempore,
1700 1900 1739 1932 ut

101 1942 273 1987 querelas
297 1943 458 1987 Domini,
488 1942 577 1988 quid
602 1953 714 1989 super
738 1943 808 1978 hac
835 1946 883 1978 te·
921 1944 922 1952 ¹

954 1942 1006 1977 ita
1019 1942 1156 1986 dicam,
1167 1945 1223 1977 tot
1233 1943 1334 1977 solus
1345 1943 1491 1978 animas
1503 1944 1628 1979 habet.
1646 1945 1739 1980 Nam

920 1986 923 2006 ³
955 1989 1015 2024 cui
1037 2000 1119 2025 esse
1140 2000 1238 2024 nunc
1258 1989 1422 2035 judicem
1452 1990 1556 2033 libet,
1580 1990 1666 2026 huic
1689 1991 1739 2026 vi-

954 2037 1043 2072 dere
1056 2040 1146 2072 tuuc
1159 2035 1330 2072 Judicem
1348 2048 1419 2072 non
1436 2037 1538 2073 libet.
1558 2039 1738 2075 Numera-

953 2083 985 2119 ri
1008 2084 1109 2119 enim
1131 2084 1251 2129 eulpae
1268 2086 1474 2130 nequeunt,
1498 2095 1581 2130 quae
1600 2086 1739 2122 liaben-

955 2131 1013 2166 dae
1036 2130 1231 2176 potestatis
1250 2141 1378 2167 amore
1402 2136 1693 2177 perpettranur:
1716 2147 1735 2165 »

955 2179 1037 2214 haec
1049 2178 1255 2222 Gregyorz'us.
1266 2179 1345 2214 Non
1362 2178 1452 2213 dicit
1464 2178 1525 2224 qui
1536 2180 1650 2225 judex
1665 2183 1735 2225 est,

956 2226 1022 2261 sed
1055 2225 1112 2261 cui
1135 2225 1302 2271 judicem
1330 2236 1411 2261 esse
1434 2225 1544 2270 libet;
1571 2226 1739 2264 animum

955 2272 1141 2316 videlicet,
1164 2283 1239 2308 non
1258 2272 1417 2318 gradum
1437 2273 1683 2319 redarguens,
1702 2277 1739 2311 et

956 2319 1002 2356 ad
1031 2320 1278 2364 voluntatem,
1307 2331 1382 2356 non
1408 2320 1456 2356 ad
1483 2321 1620 2357 sactum
1641 2321 1737 2357 vitu-

959 2366 1190 2411 perationem
1214 2367 1394 2403 referens.
1416 2367 1480 2404 Cui
1499 2371 1624 2404 autem
1640 2368 1741 2405 vide-

956 2425 997 2450 re
1010 2417 1101 2450 tunc
1117 2414 1290 2450 Judicem
1304 2425 1382 2450 non
1398 2414 1503 2459 libet,
1519 2416 1565 2451 de
1581 2426 1736 2452 numero

955 2463 1203 2508 reproborum
1227 2472 1267 2498 se
1285 2472 1367 2498 esse
1388 2473 1465 2498 non
1486 2462 1642 2500 dubitet.
1667 2463 1741 2499 Sic-

956 2512 996 2545 ut
1012 2508 1114 2545 enim
1134 2508 1241 2545 electi
1261 2512 1349 2545 tunc
1369 2509 1416 2545 de
1431 2509 1575 2546 visione
1594 2509 1737 2546 Judicis

956 2556 1187 2602 gaudebunt,
1203 2557 1293 2602 quia
1311 2555 1590 2603 appropinquat
1606 2568 1734 2593 eorum

956 2603 1184 2650 redempti03
1213 2604 1266 2639 sic
1289 2607 1327 2640 et
1348 2603 1499 2651 reprobi
1527 2605 1572 2640 de
1594 2604 1736 2639 visione

955 2650 1097 2687 Judicis
1124 2651 1317 2696 dolebunt,
1347 2651 1436 2698 quia
1461 2650 1737 2698 appropinquat

957 2709 1090 2734 eorum
1112 2698 1289 2745 perditio.

1005 2749 1026 2782 5
1047 2747 1269 2782 MAancno
1287 2757 1426 2783 CONTRA
1446 2756 1654 2781 mLmENTns
1672 2756 1739 2780 no-

957 2804 1071 2830 uomzs
1084 2805 1257 2830 PROLATA.
1277 2814 1321 2821 -
1338 2793 1443 2830 Unde
1460 2792 1549 2829 etin
1566 2791 1640 2828 alio
1654 2791 1736 2828 loco
