1894 3186
133 197 152 228 6
626 193 775 227 PRIMAE
812 194 970 228 PARTIS
1007 194 1141 229 CAPUT
1176 195 1263 228 XLV

862 318 1033 354 ORATIO

179 408 337 444 Domine
373 409 461 444 Jesu
491 410 648 453 Christe,
677 410 761 446 veni
788 411 826 446 in
862 412 983 456 Naim,
1015 412 1180 448 animam
1215 423 1337 449 meam
1364 413 1608 448 fluctuantem
1634 416 1758 449 tenta-

132 456 297 492 tionibus
318 467 329 499 3
356 458 618 502 appropinqua
640 462 771 502 portae,
793 459 1002 495 cohibendo
1023 470 1069 495 ne
1094 471 1160 505 per
1181 470 1310 496 sensus
1335 461 1489 495 veniant
1506 460 1550 495 ad
1573 459 1726 495 affectus
1746 471 1755 503 ;

131 503 267 538 accede
289 513 356 548 per
376 504 549 548 gratiam,
581 508 694 549 tange
716 516 779 541 cor
806 516 872 550 per
891 507 1178 551 correctionem,
1204 511 1302 542 stent
1320 507 1523 552 portitores
1542 507 1756 542 occasiones

130 550 311 596 peccandi
338 554 374 584 et
402 552 727 595 opportunitates;
755 552 813 587 dic
840 553 975 588 animae
1004 555 1146 600 Jacenti
1173 554 1211 589 in
1241 555 1416 600 peccatis,
1450 558 1489 588 ut
1516 553 1656 589 residat
1692 563 1760 598 per

133 598 269 633 bonam
291 597 537 640 voluntatem,
564 597 718 643 incipiat
739 599 841 644 loqui
866 610 932 645 per
951 601 1235 645 consessionem,
1264 605 1393 646 surgat
1418 611 1485 646 per
1512 601 1650 635 bonam
1670 610 1759 645 ope-

131 644 317 680 rationem
338 656 345 687 ;
378 645 492 680 redde
515 647 625 681 matri
649 656 739 690 suae,
766 647 896 693 gratiae
918 648 1070 692 nutrici,
1102 652 1142 683 ut
1160 651 1230 683 stet
1259 658 1325 693 per
1347 648 1588 683 stabilitatem
1609 659 1618 692 3
1648 649 1684 681 et
1709 646 1760 681 sic

132 690 280 736 plebem
306 695 422 734 tuam,
457 693 554 728 vires
590 692 738 737 animae,
774 693 1002 739 affectiones,
1037 698 1072 730 et
1101 695 1344 741 cogitationes
1371 695 1493 729 visitet
1530 697 1594 729 tua
1624 693 1762 728 veritas

131 747 199 820 Rer
234 738 500 786 cognitionem,
537 740 655 776 virtus
680 751 747 787 per
771 741 1044 788 operationem,
1081 746 1117 778 et
1154 741 1300 778 bonitas
1332 752 1398 787 per
1425 740 1759 777 conservationem.

164 793 264 821 men.

784 967 964 1014 CAPUT
1004 969 1120 1015 XLV

218 1101 267 1128 DE
298 1101 434 1130 SCRIBA
465 1103 628 1140 DOLoso,
666 1105 716 1131 ET
745 1104 901 1133 DUOBUS
930 1105 1033 1134 ALIIS
1063 1104 1260 1132 CHRISTUM
1288 1104 1403 1138 SEQUI
1426 1103 1681 1134 VOLENTIBUS.

562 1207 723 1243 Matthaei
753 1219 832 1255 cap.
862 1209 942 1245 VIII
970 1211 1006 1244 et
1032 1209 1139 1244 Lucae
1166 1218 1246 1254 cap.
1276 1210 1334 1246 IX,

195 1341 207 1361 1
245 1325 627 1361 CURAE'PRAEDICATORI
663 1336 837 1363 viTAxnffi.
875 1347 917 1353 —

144 1373 281 1410 Videris
317 1375 436 1408 autem
471 1375 573 1407 Jesus
617 1374 742 1409 turbas
785 1375 919 1409 multas

143 1421 278 1455 circum
315 1431 363 1463 se,
404 1423 440 1454 et
475 1431 512 1455 se
543 1425 768 1465 sequentes:
804 1421 918 1465 jussit

992 1328 1102 1363 turba
1145 1331 1225 1362 erat
1264 1326 1552 1370 declinandum3
1598 1326 1677 1362 haec
1710 1331 1765 1362 est

992 1375 1115 1419 turba,
1139 1384 1220 1419 quae
1241 1374 1469 1419 impediebat
1489 1373 1700 1419 Zachaeum‚
1726 1374 1763 1409 in

991 1420 1152 1456 videndo
1172 1422 1311 1457 Jesum.

144 1465 344 1512 discipulos
357 1468 410 1501 ire
424 1469 525 1501 trans
539 1468 688 1510 fretum,
702 1467 739 1502 id
755 1472 809 1503 est
821 1468 919 1503 ultra

144 1523 248 1548 mare
278 1512 455 1558 Ga111aeae,
483 1515 519 1548 in
550 1514 672 1549 locum
705 1518 916 1558 secretum;

144 1563 181 1595 et
208 1559 287 1604 ivit,
317 1564 357 1594 ut
391 1570 474 1595 cum
500 1560 552 1595 eis
582 1560 853 1603 transfretaret,
883 1565 918 1595 et

145 1616 207 1642 eos
248 1617 270 1641 a
306 1607 425 1641 turbis
458 1611 737 1651 sequestraret:
782 1607 918 1642 docens

145 1653 258 1688 etiam
302 1652 587 1696 praedicatorem
636 1653 829 1699 Evangelii
880 1657 917 1689 et

144 1709 294 1734 omnem
315 1699 533 1744 applausum
563 1700 688 1745 populi
716 1700 916 1744 declinare,

144 1748 182 1781 et
201 1745 294 1780 nihil
314 1746 360 1780 ad
381 1746 667 1781 ostentationem
688 1746 823 1783 facere.
849 1749 919 1782 Per

145 1792 217 1827 hoc
244 1792 356 1827 etiam
384 1792 518 1835 innuit,
547 1793 647 1837 quod
668 1803 766 1828 curae
790 1795 918 1829 mundi

146 1842 232 1874 sunt
245 1838 446 1885 fugiendae,
464 1838 551 1883 quia
562 1839 681 1875 turbae
696 1840 823 1875 multae
835 1844 920 1875 sunt

146 1886 276 1921 multae
295 1896 406 1929 curae,
428 1896 510 1930 quae
529 1887 682 1921 turbant
695 1887 858 1922 animam
877 1898 919 1922 ex

148 1933 251 1968 omni
287 1937 404 1977 parte,
441 1933 524 1968 ideo
563 1933 664 1977 dicit,
704 1935 837 1968 circum
869 1944 917 1971 se.

148 1982 240 2017 Nam
264 1979 472 2024 impediunt
498 1990 519 2015 a
545 1980 755 2025 posteriori,
784 1991 829 2015 ne
855 1992 918 2026 po-

146 2026 305 2063 steriora
331 2026 498 2069 recolat;
525 2027 570 2062 ab
597 2027 790 2069 anteriori,
812 2038 857 2061 ne
883 2039 920 2063 se

149 2074 196 2110 ad
224 2073 380 2108 meliora
410 2074 603 2117 extendat3
631 2083 652 2107 a
690 2074 841 2117 dextris,
874 2085 920 2109 ne

151 2119 338 2157 desideret
364 2124 527 2163 zeterna;
555 2130 576 2154 a
602 2121 775 2165 sinistris,
801 2131 847 2155 ne
874 2121 920 2156 ti-

151 2171 252 2203 meat
270 2166 452 2210 supplicia
477 2177 484 2200 :
508 2166 563 2201 vel
593 2177 614 2202 a
643 2168 851 2211 posteriori,
875 2179 922 2203 ne

151 2213 410 2250 desiderentur
424 2213 588 2248 desectus
602 2212 685 2249 vitae
699 2217 897 2259 praeteritae
911 2226 919 2259 ;

149 2261 195 2296 ab
217 2258 412 2303 anteriori,
436 2270 481 2294 ne
500 2260 782 2296 considerentur
803 2265 922 2298 status

149 2307 234 2343 vitae
250 2306 405 2348 futurae3
421 2316 442 2341 a
453 2306 603 2350 dextris,
627 2318 674 2342 ne
687 2308 924 2344 consideren-

150 2356 211 2390 tur
237 2353 402 2398 pericula
427 2353 464 2387 in
482 2356 579 2388 statu
601 2355 880 2400 prosperitatis;
901 2367 923 2392 a

148 2400 321 2443 sinistris,
339 2409 385 2434 ne
405 2400 688 2435 considerentur
706 2402 869 2446 pericula
884 2403 921 2437 in

148 2450 249 2484 statu
274 2446 523 2481 adversitatis.
552 2447 653 2481 Sicut
679 2449 777 2482 enim
800 2448 920 2494 faber,

150 2492 300 2540 quando
313 2492 391 2527 vult
402 2492 622 2538 sanguinem
632 2494 798 2529 minuere
811 2506 920 2540 equo,

151 2540 318 2585 cooperit
349 2539 418 2574 sibi
440 2540 578 2583 oculos,
601 2544 636 2575 et
656 2544 744 2576 tunc
762 2543 923 2585 percutit

148 2586 213 2623 ubi
251 2586 363 2621 vult:
398 2586 450 2620 sic
482 2586 650 2622 diabolus
688 2587 817 2623 volens
852 2589 920 2624 ho-

148 2633 289 2670 minem
317 2637 526 2677 percutere,
556 2634 676 2678 operit
697 2634 768 2669 sibi
798 2636 922 2671 oculos

150 2690 218 2726 per
239 2689 347 2714 curas
370 2683 406 2714 et
430 2679 711 2725 sollicitudines,
734 2684 821 2716 tunc
840 2682 920 2716 vul-

151 2729 261 2762 nerat
281 2736 345 2770 per
368 2730 575 2770 peccatum,
600 2731 637 2761 et
657 2727 817 2763 extrahit
838 2738 922 2763 san-

155 2773 307 2820 guinem
343 2774 536 2808 virtutum.
575 2774 618 2808 Et
656 2774 739 2809 ideo
774 2774 820 2810 ab
852 2775 921 2810 hae

1041 1481 1057 1502 2
1078 1469 1129 1502 DE
1169 1468 1295 1504 Semo-³2
1331 1480 1466 1504 DOLoso
1502 1480 1546 1504 AD
1581 1468 1761 1506 Cnmswu

991 1526 1205 1551 ACCEDENTE.
1247 1534 1292 1541 —
1328 1518 1375 1551 Et
1418 1515 1456 1550 in
1494 1517 1552 1550 via
1593 1515 1762 1553 accedens

993 1562 1248 1605 corporaliter,
1276 1573 1351 1597 non
1381 1562 1638 1608 spiritualiter,
1670 1574 1763 1600 unus

992 1608 1133 1652 Scriba,
1168 1609 1204 1643 id
1232 1613 1287 1645 est
1318 1610 1407 1653 Iegis
1427 1610 1579 1653 peritus,
1607 1619 1670 1644 seu
1697 1610 1762 1646 lit-

992 1659 1146 1699 teratus,
1173 1657 1227 1690 ait
1249 1656 1308 1691 illi
1329 1668 1336 1691 :
1362 1658 1552 1700 Magister,
1576 1665 1650 1690 non
1673 1656 1763 1693 dicit

993 1701 1164 1743 Domine,
1198 1703 1284 1748 quia
1319 1713 1431 1738 causa
1468 1701 1647 1745 discendi,
1689 1714 1765 1739 non

993 1748 1192 1793 serviendi,
1226 1750 1352 1794 venit;
1384 1760 1451 1784 nec
1486 1759 1658 1794 quaerens
1688 1752 1766 1787 Ma-

992 1795 1160 1840 gistrum,
1200 1797 1264 1831 sed
1307 1807 1350 1831 ex
1390 1796 1561 1841 Magistro
1605 1796 1766 1841 lucrum,

992 1851 1124 1885 sequar
1155 1846 1189 1878 te
1215 1853 1437 1888 quocumque
1468 1844 1567 1878 ieris.
1597 1843 1667 1878 Iste
1697 1844 1767 1880 du-

994 1888 1079 1933 plici
1096 1888 1139 1923 de
1157 1900 1268 1925 causa
1282 1890 1431 1925 volebat
1447 1890 1552 1933 sequi
1565 1888 1769 1935 Christum,

993 1935 1163 1970 scilicet:
1193 1946 1305 1971 causa
1340 1936 1566 1980 cupiditatis,
1608 1939 1644 1971 et
1676 1937 1769 1975 lucri

993 1982 1227 2026 temporalis,
1268 1993 1311 2017 ac
1348 1983 1551 2027 J‘actantiae,
1589 1986 1626 2017 et
1662 1994 1769 2023 vanae

995 2028 1138 2073 gloriae.
1174 2028 1409 2064 Multitudine
1438 2029 1538 2064 enim
1566 2032 1602 2063 et
1624 2034 1770 2076 magni-

994 2075 1124 2110 tudine
1148 2076 1341 2121 signorum
1362 2076 1526 2111 visorum
1550 2079 1686 2121 motus,
1706 2090 1771 2115 vo-

996 2122 1095 2158 lebat
1133 2123 1237 2167 sequi
1276 2123 1490 2165 Dominum,
1532 2125 1572 2156 ut
1615 2122 1771 2162 disceret

996 2170 1102 2214 signa
1130 2169 1253 2205 facere
1290 2174 1441 2215 propter
1469 2170 1614 2203 lucrum
1641 2173 1771 2217 acqui-

994 2216 1153 2251 rendum
1186 2217 1242 2252 vel
1272 2221 1424 2262 propter
1449 2225 1583 2251 vanam
1612 2215 1768 2260 gloriam

996 2264 1328 2310 consequendam3
1361 2265 1431 2300 hoe
1465 2263 1564 2297 idem
1597 2265 1768 2302 conside-

995 2321 1082 2345 rans
1104 2311 1282 2356 consequi
1303 2322 1326 2347 a
1344 2310 1500 2346 Domino
1523 2308 1622 2352 quod
1642 2311 1768 2348 Simon

995 2358 1120 2403 Magus
1147 2358 1296 2393 volebat
1322 2368 1445 2394 emere
1472 2367 1494 2391 a
1519 2356 1642 2392 Petro.
1665 2360 1769 2395 Jesus

995 2408 1120 2439 autem
1147 2405 1276 2439 videns
1304 2406 1383 2451 eJus
1412 2405 1592 2443 animum,
1614 2413 1689 2440 non
1708 2416 1768 2441 re-

994 2451 1143 2495 spondit
1162 2452 1208 2486 ad
1230 2452 1309 2497 ejus
1335 2451 1490 2487 verbum
1515 2451 1675 2495 tautum,
1703 2453 1768 2488 sed

995 2497 1042 2532 acl
1058 2498 1137 2542 ejus
1148 2498 1333 2541 animum;
1350 2498 1434 2533 ideo
1450 2498 1541 2533 dicit
1555 2500 1611 2533 ei:
1633 2499 1768 2543 Vulpes

994 2544 1117 2587 foveas
1155 2545 1299 2588 habent,
1341 2545 1388 2580 ad
1431 2544 1693 2589 quiescendum
1732 2551 1769 2581 et

994 2591 1231 2636 latitandum,
1276 2594 1308 2627 et
1347 2592 1507 2627 volueres
1545 2592 1624 2627 coeli
1659 2591 1766 2627 nidos

994 2637 1135 2672 habent
1160 2638 1207 2673 ad
1235 2648 1328 2683 quos
1350 2638 1557 2674 ascendunt
1576 2640 1613 2673 et
1633 2637 1762 2673 confu-

995 2684 1114 2728 giunt,
1143 2685 1261 2720 Filius
1289 2689 1407 2721 autem
1439 2685 1608 2728 hominis,
1644 2684 1683 2719 id
1714 2688 1769 2719 est

996 2731 1171 2777 Virginis,
1194 2742 1278 2767 ecce
1297 2742 1319 2767 a
1336 2735 1440 2777 parte
1461 2730 1630 2765 inferiori
1647 2730 1765 2766 deno-

995 2777 1115 2812 minat
1136 2788 1253 2824 genus
1272 2788 1394 2824 suum,
1414 2781 1544 2813 contra
1563 2777 1767 2823 gloriantes
