1894 3186
128 230 162 262 14
610 225 750 258 PRIMAE
788 223 943 257 PARTIS
981 219 1118 253 CAPUT
1157 218 1264 251 XLVI

126 297 357 340 intelligatur
391 296 503 331 arhor
539 293 670 337 crucis,
709 304 793 329 cum
829 302 902 337 qua

127 344 228 382 mare
256 343 365 389 hujus
392 341 521 377 mundi
548 341 798 386 pertransitur
821 340 899 374 sine

127 391 300 438 periculis
332 401 340 432 ;
401 389 579 435 cujusque
633 387 815 423 beneficio
866 389 902 421 et

126 439 261 475 auxilio
304 436 433 472 fideles
476 435 607 481 adjuti,
651 433 902 469 transfretatis

126 490 161 521 et
199 484 352 520 emersis
389 482 516 518 mundi
549 481 735 525 fluctibus,
768 490 901 525 perve-

125 533 234 568 niunt
277 530 324 566 ad
361 531 462 565 littus
508 533 544 564 et
583 531 731 573 portum
770 527 901 571 patriae

126 578 295 615 coelestis.
335 578 437 612 Hanc
477 575 687 611 naviculam
733 574 902 609 Christus

125 627 163 662 in
184 627 242 662 die
265 626 491 661 Parascevcs
513 633 597 658 cum
619 620 810 665 discipulis
829 620 903 655 suis

126 673 307 715 ascendit,
342 682 408 716 per
435 680 546 716 qnam
577 679 678 704 mare
707 667 902 711 praesentis

124 720 238 755 seculi
276 719 461 759 transivit,
502 727 577 752 non
613 715 763 760 quidem
803 714 903 759 qnod

123 767 193 811 ipsi
214 771 303 801 tunc
334 766 427 809 passi
449 764 601 805 fuerint,
623 762 686 797 sed
710 761 796 806 qnia
816 766 903 795 tunc

122 814 175 848 eis
195 813 402 857 exemplum
422 811 587 857 patiendi
616 809 778 854 reliquit.
800 808 903 843 Unde

122 861 334 895 aseendente
377 869 413 893 eo
460 860 497 893 in
539 858 634 892 hanc
679 856 901 898 naviculam,

121 909 235 942 secuta·
263 910 348 942 sunt
368 916 461 949 own,
486 905 574 950 quia
602 913 732 938 omnes
755 902 799 937 ad
823 905 903 935 tor-

123 958 256 989 menta
291 957 326 988 et
354 962 468 997 usque
495 951 540 986 ad
572 954 729 985 mortem
756 950 906 983 suerunt

124 1011 208 1035 eum
237 1004 364 1045 postea
396 999 545 1034 imitati.
571 997 660 1032 Cum
690 1007 779 1040 erno
803 995 906 1030 Chri-

123 1051 199 1082 stus
226 1048 263 1081 in
282 1057 391 1081 cruce
418 1046 558 1090 positus
584 1044 723 1083 suisset,
752 1052 905 1085 maanus

124 1097 239 1129 motus
258 1095 295 1128 in
312 1093 405 1128 mari
425 1094 547 1135 fuctus
568 1094 632 1130 est,
656 1090 742 1135 quia
761 1093 905 1123 mentes

126 1140 393 1185 discipulorum
415 1143 526 1173 motoe
553 1141 652 1179 sunt,
675 1137 762 1181 quia
783 1146 804 1169 a
826 1139 903 1169 sta-

126 1187 270 1222 bilitate
292 1185 378 1220 fidei
399 1188 635 1227 corruerunt,
651 1188 763 1218 terrae
784 1186 904 1216 motus

126 1244 283 1279 magnus
303 1232 421 1267 factus
442 1236 509 1275 est,
529 1234 639 1276 petrae
658 1231 778 1264 scissa?
794 1231 904 1263 sunt:

127 1284 164 1315 et
185 1284 309 1315 cetera
337 1279 444 1323 signa
473 1289 555 1323 quae
577 1282 665 1311 tunc
687 1277 783 1311 facta
805 1279 904 1318 sunt,

128 1328 178 1362 ita
209 1327 308 1372 quod
335 1326 507 1361 navicula
535 1327 665 1370 operta
699 1328 752 1358 est
784 1321 905 1356 flucti-

127 1374 209 1417 hus,
233 1374 321 1419 quia
336 1377 415 1407 tota
439 1373 491 1407 vis
516 1369 788 1416 persecutionis
809 1370 906 1403 circa

130 1431 278 1456 crucem
311 1419 446 1455 Christi
480 1420 561 1462 suit,
596 1422 632 1452 ct
659 1420 800 1452 mentffi
832 1426 909 1450 om-

128 1467 232 1503 nium
251 1472 382 1502 contra
403 1467 518 1510 ipsam
540 1466 784 1507 fluctuabant,
807 1468 841 1497 et
860 1462 909 1496 Γει-

129 1518 187 1549 cta
222 1518 277 1549 est
309 1525 396 1549 crux
429 1513 564 1548 Christi
592 1512 727 1546 Judaeets
753 1510 908 1545 seanda-

129 1561 217 1604 lum,
252 1561 424 1597 Gentibus
472 1563 589 1594 autem
621 1559 796 1593 stultitia.
837 1556 908 1590 Sed

129 1608 227 1643 inter
242 1609 308 1643 has
326 1607 595 1641 commotiones
610 1605 684 1649 ipse
700 1603 910 1638 dtwmiebat

129 1654 167 1689 in
190 1665 298 1689 cruce
325 1653 536 1691 moriendo,
561 1652 648 1697 quia
683 1660 789 1685 suum
821 1649 909 1684 dor-

129 1702 224 1736 mire
248 1702 317 1736 hoc
342 1701 422 1735 loco
444 1699 537 1734 mori
564 1703 630 1734 cst.
653 1698 822 1732 Excitant
848 1706 910 1730 au-

128 1752 204 1784 tem
242 1747 411 1791 discipuli
445 1746 658 1787 Dominum,
701 1744 787 1778 dum
828 1747 906 1777 tur-

129 1796 207 1831 bati
252 1798 376 1829 mente
422 1791 592 1827 maximis
637 1790 907 1825 desideriorum

130 1841 356 1878 clamoribus
400 1837 715 1874 resurrectionem
762 1835 905 1881 efflagi-

128 1892 223 1933 tant,
246 1889 411 1923 dicentes
431 1898 438 1921 :
461 1886 573 1922 Salva
588 1894 663 1927 nos,
677 1884 907 1928 resurgendo

128 1946 151 1971 a
181 1935 351 1979 mortuiS,
379 1933 467 1979 quia
500 1933 677 1977 perimus,
707 1930 904 1975 perturba-

127 1982 230 2017 tione
268 1985 342 2016 tuae
377 1978 520 2015 mortis.
550 1978 633 2022 lpse
660 1987 748 2012 vero
783 1987 905 2011 resur-

127 2039 233 2075 gens,
249 2032 285 2063 et
300 2038 365 2073 per
380 2027 693 2062 resurrectionem
713 2022 905 2067 excitatus,

126 2076 247 2121 primo
279 2075 449 2118 increpat
486 2072 750 2116 discipulorum
787 2070 904 2104 modi-

126 2132 207 2158 cam
236 2121 378 2156 fidem:
418 2119 504 2165 quia
525 2118 761 2163 eoeprobraoz't
794 2118 907 2150 inere-

126 2169 319 2204 dulitatem
349 2178 470 2202 eorum
497 2170 529 2200 et
558 2166 736 2200 duritiam
769 2164 902 2198 cordis.

125 2216 227 2251 Tunc
260 2215 370 2250 etiam
406 2214 600 2259 imperarit
644 2213 772 2253 ventes,
819 2209 906 2255 quia

125 2261 266 2297 diaboli
289 2260 501 2306 superbiam
528 2259 684 2302 stravit;
709 2258 906 2302 imperavit

124 2315 159 2345 et
197 2309 306 2352 mari,
341 2308 428 2352 quia
463 2307 653 2342 vesaniam
690 2306 904 2339 Judaeorum

125 2354 375 2400 compescuit;
400 2356 433 2388 et
458 2355 558 2396 facta
579 2356 629 2387 est
652 2352 905 2396 tranquillitas

124 2412 271 2446 maana,
298 2405 334 2436 et
355 2400 560 2436 consolatio
585 2411 592 2434 :
616 2400 717 2443 quia,
746 2400 823 2433 visa
844 2409 902 2433 re-

124 2447 370 2491 surreetione,
421 2448 557 2482 sedatae
618 2450 703 2480 sunt
762 2449 903 2480 mentes

125 2494 394 2540 discipulorum
436 2497 473 2529 et
511 2493 660 2539 gavisae.
707 2492 778 2527 Nos
814 2502 902 2526 vero

123 2541 295 2577 homines
318 2541 486 2576 videntes
507 2541 585 2575 haec
606 2539 745 2583 omnia,
764 2543 799 2574 et
815 2549 900 2584 cog-

122 2592 319 2624 noscentes
349 2588 534 2623 dicimus:
577 2588 704 2629 Qualz's
740 2589 791 2621 est
829 2586 899 2630 hic,

125 2638 162 2670 et
192 2639 352 2680 quantus
383 2634 400 2672 ἵ)
434 2635 611 2679 Discipuli
646 2644 748 2678 ergo,
778 2632 816 2668 id
847 2636 902 2667 est

122 2681 293 2717 homines
323 2682 467 2723 fideles,
499 2681 637 2716 debent
671 2691 757 2715 eum
777 2680 897 2725 sequi,

118 2729 223 2774 juxta
256 2728 374 2764 illud:
411 2729 453 2764 Si
491 2730 573 2772 quis
606 2728 684 2762 vult
721 2730 805 2772 post
843 2736 898 2760 me

120 2777 255 2821 venire,
283 2775 433 2820 abneqet
461 2777 705 2820 semetipsum,
733 2779 767 2811 ec
789 2774 895 2810 tollat

122 2832 259 2859 crucem
275 2832 394 2869 suam,
414 2825 447 2859 et
465 2825 641 2868 sequatur
658 2831 727 2858 me.

1025 292 1045 323 6
1073 291 1318 324 Tnoponoeicn
1348 299 1456 324 Τῖφυς
1484 299 1545 323 esT
1576 299 1751 323 POENITEN-

977 347 1053 370 Tm.
1097 356 1141 362 —
1179 337 1223 371 Et
1260 336 1347 380 quia
1384 346 1449 380 per
1493 334 1752 379 poeniten'tiam

978 383 1136 418 maxime
1161 393 1248 418 crux
1266 383 1424 427 tollitur,
1446 382 1528 417 ideo
1553 381 1665 416 etiam
1677 384 1752 416 tro-

978 430 1147 475 pologice
1176 441 1241 465 seu
1277 429 1471 465 moraliter
1504 439 1570 474 per
1596 427 1750 463 navicu-

979 477 1052 512 lam
1080 477 1299 520 poenitentia
1321 476 1550 522 designatur,
1576 476 1664 519 quia
1686 484 1754 518 per

979 524 1094 575 ipsam
1114 524 1225 559 homo
1244 524 1289 560 ad
1312 527 1460 569 portum
1482 522 1612 557 salutis
1633 521 1748 556 dedu-

979 573 1074 605 citur
1095 582 1104 614 ;
1129 574 1165 606 et
1192 571 1416 616 quicumque
1437 573 1540 605 extra
1552 569 1660 603 istam
1685 577 1750 602 na-

978 618 1138 653 viculam
1172 616 1344 653 inventus
1377 616 1501 660 fuerit,
1535 615 1581 651 ad
1604 618 1754 660 portum

978 665 1108 700 salutis
1148 675 1224 699 non
1266 664 1472 708 perveniet,
1520 662 1585 697 sed
1631 662 1752 706 ipsum

979 712 1078 746 unda
1104 712 1297 747 infernalis
1324 711 1501 746 involvet.
1529 708 1615 744 Ideo
1643 707 1756 753 signi-

978 758 1091 793 ficata
1123 763 1176 794 est
1208 769 1274 803 per
1305 768 1431 793 arcam
1459 758 1548 799 Noe,
1585 756 1672 800 quia
1700 752 1755 788 illi

979 804 1042 850 qui
1062 816 1143 840 eam
1160 806 1409 841 ascenderunt
1426 804 1577 838 suerunt
1594 800 1725 837 salvati
1747 811 1757 844 3

979 852 1043 896 qui
1074 863 1161 888 vero
1192 862 1268 887 non
1304 851 1568 894 ascenderunt,
1601 849 1754 883 fuerunt

978 900 1174 934 submersi.
1195 901 1298 934 Tunc
1318 901 1444 934 autem
1470 898 1575 932 Jesus
1596 895 1754 930 navicu-

981 946 1052 980 lam
1078 947 1171 980 hanc
1198 946 1378 987 ascendit,
1409 944 1559 990 quando
1586 942 1668 987 quis
1694 951 1754 976 sa-

980 993 1065 1027 lutis
1078 1003 1153 1027 sure
1165 992 1294 1027 avidus
1309 991 1566 1036 poenitentiam
1585 988 1754 1032 assumit,

980 1043 1016 1074 et
1043 1050 1140 1083 saepe
1164 1039 1345 1084 contingit
1368 1038 1469 1083 quod
1495 1036 1645 1082 quando
1674 1033 1757 1080 quis

982 1086 1239 1130 poenitentiam
1260 1086 1423 1129 inchoat,
1445 1084 1568 1129 gravis
1597 1081 1755 1117 tentatio

981 1144 1065 1168 eum
1090 1133 1223 1177 pulsat,
1247 1143 1314 1167 nec
1336 1133 1434 1167 Deus
1458 1133 1579 1176 ipsum
1606 1130 1755 1172 liberat,

981 1181 1045 1214 sed
1067 1180 1248 1214 aux-ilium
1268 1178 1467 1221 subtrahit,
1487 1177 1571 1212 ideo
1589 1185 1757 1211 recurre-

981 1237 1020 1261 ro
1041 1226 1151 1261 debet
1174 1227 1219 1260 ad
1243 1235 1328 1260 eum
1356 1235 1421 1270 per
1442 1225 1647 1259 ferventem
1671 1231 1758 1257 ora-

981 1274 1139 1316 tionem,
1160 1276 1196 1307 et
1216 1276 1291 1307 tam
1308 1274 1591 1317 perseveranter
1604 1270 1755 1313 instare,

983 1321 1101 1355 donec
1138 1320 1311 1364 impetret
1342 1318 1407 1354 Dei
1453 1316 1750 1352 miserationem.

983 1369 1099 1402 Tanta
1123 1370 1249 1401 autem
1279 1365 1400 1411 gratia
1422 1375 1519 1408 serpe
1549 1373 1635 1399 eum
1667 1372 1757 1398 con-

982 1414 1166 1459 sequitur,
1188 1414 1287 1458 quol
1309 1412 1387 1457 ipse
1405 1413 1517 1447 etiam
1533 1410 1571 1445 in
1593 1410 1756 1445 admira-

983 1461 1123 1495 tionem
1161 1461 1355 1495 cxcitxitur.
1394 1459 1511 1502 Unde,
1551 1457 1759 1492 secundum

982 1509 1130 1551 Rodum,
1154 1512 1243 1541 cuin·
1260 1508 1365 1551 signo
1400 1504 1602 1540 Dominicae
1637 1504 1758 1540 crucis

984 1555 1117 1588 imbuti
1144 1554 1312 1588 seculum
1344 1553 1559 1597 relinquere
1594 1551 1756 1596 disponi-

984 1611 1078 1644 mus,
1121 1610 1254 1635 navem
1295 1609 1379 1634 cum
1418 1600 1505 1633 Jesu
1545 1598 1759 1634 conscendi-

985 1658 1080 1692 mus,
1120 1656 1223 1681 mare
1260 1646 1420 1681 transire
1453 1655 1648 1680 conamur.
1690 1645 1759 1688 Qui

985 1694 1084 1729 eniin
1112 1695 1304 1739 abnegans
1334 1693 1565 1737 impietatem
1591 1696 1627 1728 et
1653 1701 1758 1728 secu-

984 1742 1077 1776 laria
1099 1741 1283 1775 dcsideria
1302 1738 1489 1784 crucifigit
1506 1740 1675 1774 membra
1692 1749 1759 1775 sua

985 1798 1068 1823 cuin
1101 1786 1199 1821 vitiis
1227 1791 1263 1822 et
1284 1785 1612 1831 concupiscentiis,
1637 1789 1673 1820 et
1699 1787 1759 1822 cui

985 1833 1184 1870 crucifixus
1199 1837 1251 1868 est
1272 1833 1435 1867 mundus
1455 1836 1491 1867 et
1510 1831 1586 1877 ipse
1601 1833 1757 1878 mundo,

983 1882 1088 1926 quasi
1110 1891 1195 1915 cuin
1215 1881 1372 1914 Domino
1392 1889 1525 1914 navem
1539 1879 1758 1924 ascendens,

983 1939 1086 1963 mare
1101 1928 1211 1972 hujus
1233 1927 1348 1962 seculi
1370 1926 1530 1961 transire
1550 1926 1754 1972 desiderat;

982 1976 1046 2010 sed
1074 1975 1180 2009 nobis
1207 1973 1483 2018 navigantibus,
1515 1974 1620 2018 quasi
1663 1974 1761 2010 inter

981 2020 1145 2066 {equoris
1164 2019 1334 2055 fremitus
1349 2020 1538 2055 obdormit
1560 2020 1758 2067 Dominus,

982 2069 1132 2114 quando
1164 2068 1422 2102 crebrescente
1454 2067 1513 2101 vel
1543 2067 1756 2104 immundo-

981 2126 1065 2151 rum
1087 2115 1303 2159 spirituum,
1326 2114 1383 2148 vel
1402 2114 1598 2148 hominum
1621 2123 1757 2158 pravo-

980 2173 1078 2205 rum,
1121 2162 1178 2196 vel
1222 2163 1437 2195 nostrarum
1481 2161 1754 2206 cogitationum

981 2210 1137 2255 impetu,
1157 2207 1244 2242 fidei
1263 2207 1441 2252 splendor
1461 2207 1753 2253 obtenebrescit,

980 2258 1055 2303 spei
1099 2254 1282 2290 celsitudo
1327 2253 1571 2298 contabescit,
1617 2256 1755 2290 amoris

980 2306 1131 2339 flamma
1151 2300 1360 2346 refrigescit
1378 2311 1386 2344 ;
1411 2300 1476 2335 sed
1495 2303 1585 2335 tunc
1604 2302 1650 2336 ad
1685 2303 1758 2337 Do-

979 2352 1123 2386 minum
1156 2357 1410 2390 reciirramuS‚
1445 2350 1630 2392 quatenus
1665 2352 1756 2384 tem-

980 2402 1162 2443 pestatem
1192 2397 1417 2439 compescat,
1437 2394 1753 2439 tranquillitatem

978 2444 1167 2482 refundat,
1187 2444 1223 2477 ct
1241 2440 1349 2477 nobis
1370 2443 1521 2486 portum
1546 2441 1676 2478 salutis
1693 2441 1753 2477 in-

980 2491 1143 2536 dulgeat.

1024 2554 1043 2585 7
1072 2541 1280 2575 MORALITER
1306 2551 1415 2576 Tvrns
1442 2551 1503 2576 EST
1523 2549 1640 2576 ANIMAE
1659 2549 1754 2575 rinn-

976 2597 1042 2638 με.
1066 2605 1109 2612 -
1140 2588 1265 2622 Potest
1291 2588 1403 2623 etiam
1442 2588 1553 2623 aliter
1583 2586 1752 2631 tropolo-

976 2644 1058 2679 gice
1095 2643 1159 2668 seu
1199 2634 1393 2669 moraliter
1426 2634 1573 2679 exponi,
1611 2637 1652 2667 ut
1688 2642 1755 2677 per

974 2680 1186 2732 naviculam
1208 2681 1440 2727 intelligatur
1464 2680 1640 2726 quaelihet
1660 2678 1752 2714 fide-

974 2727 1018 2779 lis
1037 2728 1163 2763 anima
1185 2742 1192 2763 :
1216 2728 1296 2763 haec
1323 2727 1495 2763 navicula
1522 2726 1617 2762 mari
1645 2735 1752 2771 expo-

973 2779 1088 2826 nitur,
1128 2775 1215 2820 quia
1245 2775 1393 2820 corpori
1428 2773 1623 2818 sociatur3
1663 2783 1750 2810 vere

973 2831 1072 2858 enim
1092 2831 1225 2868 corpus
1246 2825 1419 2858 nostrum
1445 2831 1548 2858 mare
1569 2825 1639 2866 est,
1661 2820 1749 2867 quia
