1894 3186
119 175 160 209 36
642 168 788 203 PRIMAE
826 167 983 202 PARTIS
1022 166 1159 200 CAPUT
1196 167 1234 201 L.

118 245 238 292 magis
257 252 371 288 quam
403 250 601 277 commune
636 241 832 286 quaeritur,
859 243 896 274 et

119 304 186 339 per
220 293 291 327 hoc
332 289 369 325 in
415 298 552 333 magna
593 291 696 332 parte
733 286 896 322 mundus

119 339 337 375 destruitur.
378 337 453 371 Hoc
486 338 611 371 autem
647 335 814 379 procedit
854 345 897 369 ex

118 386 266 423 defectu
283 384 461 427 caritatis,
477 393 560 428 quae
578 393 649 417 non
669 383 799 427 quaerit
819 391 898 426 (μιᾶς

116 444 185 469 sua
204 435 302 475 sunt,
329 431 394 466 sed
412 440 496 476 quae
521 430 693 466 aliorum.
718 429 822 465 Unde
845 429 898 463 ait

118 481 391 525 chrysostomus
419 492 428 514 ε
463 489 481 511 «
520 478 605 512 Haec
646 480 701 511 est
734 475 898 521 perfecta

115 529 238 573 gratia
259 525 437 570 caritatis,
459 525 609 569 quando
634 524 716 568 quis
734 522 815 557 aliis
845 522 894 557 fe-

113 574 228 610 stiuat
263 573 421 618 amplius
444 571 543 607 utilis
565 574 601 605 et
622 570 791 605 lucrosus
818 579 896 604 esse

115 632 227 667 quam
266 621 350 655 sibi.
393 632 412 653 »
455 619 572 664 Igitur
605 618 651 652 ad
683 621 758 652 tam
794 616 896 661 pium

115 669 408 709 samaritanum,
433 666 479 701 ad
508 669 584 700 tam
615 665 817 699 salutarem
838 673 897 707 pa-

112 719 253 752 storem
273 718 309 749 et
327 714 528 752 medicum,
546 711 583 746 in
603 711 704 746 omni
732 709 896 745 necessi-

112 766 189 799 tate
209 772 356 805 semper
375 764 430 795 est
448 759 742 799 recurrendum;
763 761 799 792 et
820 767 895 792 non

113 810 235 845 solum
264 809 489 850 animarum,
512 806 575 841 sed
598 814 797 849 corporum
833 814 892 855 sa-

112 857 169 892 lus
189 857 235 892 ab
258 855 337 900 ipso
365 854 444 890 solo
471 857 525 888 est
545 852 763 897 quaerenda,
786 854 822 886 et
855 861 893 885 in

112 914 155 939 eo
178 906 257 938 tota
275 913 359 945 spes
379 904 507 936 nostra
528 903 584 934 est
606 900 792 943 ponenda,
814 898 892 942 ipse

111 950 211 986 enim
236 950 367 984 melius
390 948 491 982 novit
512 950 548 980 et
569 947 782 980 considerat
802 945 890 989 quid

111 996 265 1033 cuilibet
301 995 483 1040 expediat
505 994 608 1028 Unde
627 993 859 1035 Auglustinus
882 1003 889 1026 ;

113 1059 130 1076 (ι
164 1045 308 1079 Bonum
337 1046 393 1077 est
428 1044 467 1076 ut
496 1040 540 1075 de
564 1041 683 1074 salute
725 1037 891 1083 eorporis

112 1101 185 1127 non
207 1094 369 1131 sameas,
393 1089 461 1124 nisi
485 1091 525 1122 ut
545 1098 564 1122 a
591 1088 664 1121 Deo
689 1086 749 1120 illa
771 1089 888 1130 potas.

112 1139 149 1174 Si
164 1138 233 1172 scit
254 1137 320 1172 tibi
349 1136 540 1181 prodesse,
564 1134 668 1169 dabit
702 1133 827 1175 illam;
858 1132 887 1167 si

109 1195 189 1220 non
220 1185 286 1219 tibi
319 1182 478 1224 dederit,
500 1191 573 1215 non
613 1179 684 1215 tibi
714 1180 890 1223 proderat

110 1232 252 1268 habere
273 1231 389 1266 illam.
412 1227 519 1264 Novit
540 1228 638 1262 Deus
659 1226 749 1271 quid
783 1225 889 1260 nobis

110 1279 283 1324 expediat
299 1290 305 1320 ;
326 1278 361 1313 id
380 1286 547 1322 agamus,
564 1278 602 1309 ut
615 1284 748 1309 sanum
764 1274 810 1307 sit
826 1283 889 1306 eor

109 1331 281 1362 nostrum
301 1336 322 1360 a
341 1323 515 1368 peccatis.
542 1323 585 1356 Et
615 1321 764 1365 quando
793 1320 887 1354 sorte

110 1373 351 1415 flagellamur
372 1371 408 1405 in
429 1379 601 1414 corpore,
624 1369 743 1412 ipsum
761 1368 890 1411 depre-

110 1430 251 1456 cemur.
290 1420 389 1462 llaec,
427 1416 575 1459 fratres,
602 1416 683 1449 ideo
713 1414 801 1454 dixi,
843 1424 888 1447 ne

111 1467 194 1512 quis
217 1470 361 1512 qtlaerat
377 1463 516 1509 aliquid
543 1466 677 1506 praeter
709 1460 888 1496 auxilium

112 1513 178 1550 Dei
198 1525 206 1549 :
232 1527 250 1545 »
274 1515 351 1548 baec
375 1511 621 1554 Auqustz'mcs,

159 1576 178 1607 7
212 1561 286 1597 Cun
317 1561 476 1595 nolimus
509 1566 703 1591 PERMITTAT
735 1565 889 1605 neumas

109 1617 394 1644 TnmuLATmNEM
417 1604 518 1640 rm?
539 1624 584 1628 —
605 1601 792 1638 l‘ermittit
811 1611 889 1645 qui-

110 1656 195 1691 dem
218 1656 314 1690 Deus
332 1650 598 1688 tribulationes
620 1648 890 1683 ettentationes

107 1701 301 1742 advenire,
338 1703 373 1735 et
411 1699 480 1734 seit
516 1697 694 1742 quamdiu
729 1695 890 1730 debeant

110 1750 272 1793 durare5
308 1748 383 1791 ipse
406 1745 506 1781 enim
527 1744 591 1789 qui
620 1753 749 1794 earum
785 1742 889 1793 novit

109 1796 339 1841 principium
362 1797 398 1828 et
421 1792 630 1831 introitum,
651 1791 889 1840 novitetiam

110 1843 224 1878 finem
247 1847 284 1876 et
315 1841 466 1875 exitum.
488 1840 530 1872 Et
552 1838 635 1872 ideo
666 1846 793 1871 omnia
824 1845 887 1879 pa-

109 1891 247 1925 tienter
279 1889 453 1926 feramuS,
488 1889 525 1919 et
551 1885 596 1919 ad
623 1882 744 1927 ipsum
767 1882 887 1917 solum

110 1940 360 1976 recurrentes,
371 1933 497 1968 omnia
510 1931 578 1966 sibi
593 1931 886 1965 committimus.

110 1984 213 2019 Unde
230 1984 500 2026 Chrysostomus
511 1990 543 2013 2«
555 1977 794 2013 Orationibus
804 1987 845 2010 eu
854 1986 887 2010 m

109 2031 318 2075 diligentia,
352 2026 590 2078 fratres-mei
628 2024 884 2076 intendamus,

110 2080 147 2125 et
177 2077 207 2112 si
233 2086 309 2112 non
337 2082 604 2119 acceperimus,
627 2080 882 2115 immoremus,

934 238 937 239 ’
979 240 1019 273 ut
1048 236 1290 282 accipiamus.
1315 237 1402 273 Ideo
1431 239 1533 274 enim
1559 237 1657 274 Deus
1686 237 1760 274 ali-

978 294 1091 330 quam
1136 284 1196 319 diu
1231 287 1267 319 et
1306 295 1471 320 annuere
1517 285 1756 330 precantibus

978 332 1118 375 dissert,
1132 335 1168 366 et
1180 331 1439 368 tribulationes
1458 332 1601 367 irruere
1623 333 1759 378 permit

976 379 1036 420 tit,
1052 382 1094 415 ut
1116 380 1290 414 continue
1305 380 1351 414 ad
1373 381 1492 424 ipsum
1511 379 1757 425 refugiamus,

977 437 1045 461 nec
1085 426 1132 461 ab
1176 436 1218 461 eo
1259 426 1462 472 aliquando
1510 426 1758 462 discedamus.

977 472 1082 517 Quia,
1122 472 1153 508 si
1191 473 1320 518 quales
1361 474 1397 508 in
1421 473 1664 509 tribulatione
1699 484 1760 509 su-

976 530 1072 561 mus,
1094 519 1188 555 tales
1214 530 1375 556 essemus
1395 522 1509 556 etiam
1547 521 1583 556 in
1614 521 1759 567 requie,

976 577 1214 612 nequaquam
1265 568 1449 613 egerimus
1493 567 1762 603 afflictionibus

976 615 1132 649 erudiri.
1161 615 1205 649 Et
1237 615 1324 659 quid
1360 616 1442 650 diro
1476 615 1520 649 de
1548 614 1684 650 vobis?
1717 615 1763 650 Et

975 662 1077 696 enim
1095 671 1224 696 omnes
1244 662 1469 707 quicumque
1489 671 1668 707 umquam
1683 661 1760 697 cla-

974 707 1093 743 riores
1119 709 1237 743 induti
1268 712 1356 744 sunt
1385 718 1556 749 coronas,
1592 719 1614 744 a
1633 707 1756 743 tribu-

975 755 1180 790 lationibus
1240 758 1277 790 et
1326 754 1597 790 tentationibus
1639 754 1762 790 induti

974 805 1073 846 sunt,
1086 807 1122 837 et
1137 802 1266 837 famosi
1283 802 1418 837 effecti.
1432 803 1521 845 Quae
1534 801 1662 838 omnia
1678 812 1760 848 cog-

972 853 1182 889 noscentes,
1211 860 1256 884 ne
1288 849 1506 884 festinemus
1525 849 1563 884 in
1592 853 1762 895 tempore

972 896 1201 931 inductionis
1237 896 1339 936 mali,
1378 898 1441 932 sed
1482 907 1598 932 unum
1635 897 1757 932 solum

973 943 1203 986 erudiamur,
1232 949 1271 977 ut
1292 942 1448 977 viriliter
1468 948 1602 979 cuncta
1619 943 1758 978 tolere-

972 1000 1065 1033 mus,
1090 1000 1157 1024 nec
1179 990 1223 1024 de
1251 990 1308 1024 his
1335 1000 1419 1034 qua}
1443 990 1548 1025 nobis
1568 988 1758 1033 accidunt,

971 1036 1218 1080 quaestitmem
1263 1037 1490 1071 curiositatis
1527 1047 1757 1072 moveamus.

972 1085 1073 1118 Scire
1101 1084 1200 1118 enim
1223 1084 1374 1127 quando
1401 1087 1550 1127 oportet
1573 1083 1666 1118 solvi
1691 1083 1759 1118 tri-

970 1130 1194 1174 bulationes,
1222 1131 1470 1174 permittentis
1494 1133 1550 1166 cst
1569 1141 1631 1166 eas
1652 1130 1764 1166 adve-

970 1178 1075 1220 nire;
1102 1177 1223 1212 illatas
1256 1182 1381 1212 autem
1407 1178 1504 1212 turre
1542 1187 1627 1212 cum
1658 1177 1760 1212 omni

970 1225 1178 1268 gratiarum
1221 1229 1380 1266 actione,
1403 1228 1539 1259 nostrae
1559 1228 1615 1259 est
1652 1224 1762 1260 bonae

971 1272 1105 1305 mentis
1123 1282 1233 1315 opus:
1252 1271 1351 1316 quod
1371 1272 1398 1305 si
1422 1271 1499 1314 fiet,
1520 1271 1646 1306 omnia
1664 1271 1761 1306 bona

969 1321 1188 1363 sequentur.
1226 1320 1269 1353 Ut
1304 1319 1417 1363 igitur
1441 1319 1520 1353 haze
1547 1328 1760 1363 consequa-

971 1375 1066 1408 mur,
1089 1369 1125 1399 et
1149 1365 1417 1409 probabiliores
1437 1366 1496 1400 hic
1529 1368 1565 1400 et
1585 1365 1761 1400 clariores

970 1412 1044 1446 illic
1065 1412 1208 1456 fiamus,
1229 1422 1340 1447 omne
1358 1413 1620 1458 quodcumque
1639 1422 1763 1457 super-

969 1459 1128 1503 venerit,
1166 1470 1275 1502 aequo
1321 1470 1447 1494 animo
1481 1458 1758 1504 suscipiamus3

948 1506 1109 1551 'gratias
1141 1512 1293 1551 agentes
1314 1506 1362 1550 ei,
1398 1507 1460 1551 qui
1497 1516 1611 1551 super
1631 1515 1762 1540 omnes

967 1553 1037 1586 seit
1058 1554 1175 1597 magis
1196 1553 1230 1587 id
1258 1554 1358 1597 quod
1388 1552 1494 1588 nobis
1513 1552 1701 1598 expediat,
1727 1555 1763 1587 et

970 1599 1041 1642 liis,
1065 1600 1126 1644 qui
1155 1604 1380 1645 genuerunt,
1406 1600 1668 1635 vehementius
1694 1609 1761 1634 nos

970 1645 1166 1691 diligenti;
1194 1650 1231 1681 et
1255 1647 1299 1681 ad
1327 1647 1472 1693 singula
1497 1656 1655 1692 quaeque
1683 1646 1756 1681 dis-

970 1693 1141 1736 crimina,
1173 1695 1237 1728 lias
1263 1698 1437 1739 utrasque
1465 1693 1758 1739 excogitationes

971 1741 1007 1774 in
1037 1740 1326 1784 nobismetipsis.
1349 1744 1542 1776 cantantes
1559 1740 1759 1786 justitiam,

970 1788 1271 1830 comprimamus,
1295 1788 1555 1822 Gloritieemus
1575 1790 1701 1822 autem
1722 1787 1760 1822 in

969 1834 1143 1868 omnibus
1170 1835 1301 1875 Deum,
1331 1845 1395 1879 pro
1422 1834 1529 1870 nobis
1548 1838 1682 1869 cuncta
1700 1833 1757 1868 fa-

969 1880 1142 1921 cientem,
1156 1881 1470 1926 nobisqueomnia
1483 1881 1755 1925 providentem.

971 1927 1028 1962 Sic
1047 1928 1144 1961 enim
1174 1927 1280 1962 facile
1303 1931 1339 1963 ct
1362 1939 1423 1964 eas
1456 1929 1518 1973 qui
1546 1927 1673 1962 virtuti
1694 1938 1758 1972 op-

971 1979 1158 2017 ponuntur
1185 1975 1411 2019 expellemus
1437 1973 1603 2015 insidias,
1625 1978 1662 2010 et
1690 1974 1757 2009 im-

968 2020 1238 2056 marcessibiles
1254 2031 1692 2069 conscquemurcoronas
1709 2032 1717 2058 :
1736 2034 1754 2054 »

969 2068 1049 2103 baec
1068 2068 1355 2113 chrysostomus,

849 2201 1020 2239 ORATIO

158 2322 315 2360 Domine
339 2321 423 2356 Jesu
449 2318 610 2362 Christe,
633 2317 760 2352 lumen
789 2314 969 2351 claritatis
996 2316 1166 2357 aeternae,
1189 2311 1359 2347 illumina
1381 2312 1508 2348 oeulos
1532 2323 1635 2350 meos
1661 2314 1760 2351 inte-

110 2372 241 2414 riores,
257 2381 303 2404 ne
322 2377 498 2413 umquam
518 2365 753 2401 obdormiam
772 2363 807 2398 in
826 2366 946 2398 morte
960 2361 1111 2401 animae,
1133 2364 1170 2395 ut
1191 2370 1255 2404 per
1274 2363 1376 2394 tuam
1394 2361 1554 2405 gratiam
1574 2361 1759 2398 illumina-

112 2423 185 2463 tus,
208 2415 333 2452 omnia
359 2425 442 2460 quae
469 2413 614 2460 agenda
633 2414 719 2446 sunt
744 2410 906 2453 videam,
928 2412 963 2444 et
986 2419 1051 2453 per
1080 2408 1250 2442 eamdem
1274 2407 1425 2452 adjutus
1451 2407 1499 2442 ad
1527 2408 1760 2453 implendum

110 2476 194 2511 quae
215 2463 345 2499 videro
372 2461 648 2504 convalescam,
670 2469 713 2493 ac
737 2457 824 2492 iude
857 2461 917 2492 tua
949 2455 1134 2491 beneficia
1166 2463 1353 2498 enarrem,
1375 2455 1421 2489 ad
1451 2454 1504 2489 tui
1536 2455 1696 2499 gloriam
1723 2459 1759 2491 et

108 2512 270 2548 aliorum
299 2509 509 2545 utilitatem.
530 2507 641 2551 Aperi
671 2506 798 2548 etiam,
819 2503 992 2546 Domine,
1013 2512 1054 2537 os
1076 2511 1199 2536 meum
1228 2505 1386 2545 mutum,
1412 2505 1565 2546 peccata
1585 2512 1668 2538 mea
1691 2511 1758 2547 per

110 2558 335 2594 infusionem
357 2555 487 2601 gratiae
510 2553 724 2593 relaxando,
745 2556 781 2586 et
804 2551 972 2596 linguam
993 2558 1116 2584 meam
1137 2549 1183 2583 ad
1206 2552 1268 2583 tua
1296 2549 1482 2591 praeconia
1503 2548 1703 2592 solvendo,
1718 2552 1758 2584 ut

109 2605 286 2651 loquendi
306 2604 426 2650 gratia
444 2605 632 2647 percepta,
651 2610 708 2634 me
731 2599 848 2644 ipsum
866 2606 1053 2638 accusem,
1069 2598 1107 2631 te
1126 2595 1242 2631 Deum
1259 2595 1422 2642 laudem,
1439 2594 1650 2641 proximum
1670 2595 1757 2631 aedi-

109 2652 232 2698 ficem,
255 2655 290 2687 et
313 2650 513 2698 praedicem
535 2648 744 2684 veritatem.
766 2646 899 2681 Amen.
