1894 3186
302 190 354 224 DE
393 189 476 222 NON
514 189 708 223 TIMENDA
746 190 889 224 MORTE

111 260 191 298 ditu
205 260 413 308 percipitis,
435 261 632 306 praedicate
654 272 767 306 opere
790 272 889 297 com-

107 309 246 357 plendo
274 309 487 352 existentes,
507 319 615 354 super
642 312 747 348 tecta,
771 308 806 344 id
833 312 889 344 cst

109 366 270 403 corpora
296 360 434 398 vestra,
457 366 539 401 quae
562 359 649 391 sunt
675 356 887 392 animarum

108 403 313 441 domicilia.
340 404 417 446 Vel,
440 404 536 448 quod
559 403 638 438 dico
659 404 760 437 vobis
784 406 822 438 in
842 408 889 439 te-

109 452 244 495 nebris,
270 452 380 485 dicite
405 453 442 484 in
470 452 616 491 lumine,
637 449 673 485 id
705 454 758 485 est
788 451 887 496 quod

110 498 251 535 auditis
292 497 327 532 in
364 497 538 543 mysterio
560 500 595 533 et
616 497 652 532 in
672 496 886 542 wnigmate,

111 544 314 592 praedirate
337 544 506 590 apertius
541 548 578 580 et
607 544 803 579 manifeste
825 557 832 588 ;
856 548 888 580 et

111 593 210 638 quod
227 595 264 626 in
280 603 367 626 aure
387 593 540 635 auditis,
562 593 758 637 praedieate
779 603 888 637 super

109 642 217 683 tecta,
244 638 282 674 id
322 643 379 674 est
418 640 516 684 qnod
555 650 620 674 vos
653 639 812 681 erudivi,
850 639 887 674 in

108 686 265 741 parvulo
287 687 428 722 Judaeae
455 688 549 730 loco,
572 686 751 721 audacter
778 685 888 722 dicite
920 711 922 714 -

108 744 149 770 m
169 736 247 770 toto
281 734 433 769 mundo.
457 734 535 771 Vel,
560 735 656 778 quod
685 734 763 768 dico
787 735 887 768 vobis

109 783 149 818 in
187 782 358 821 tenebris,
388 780 423 815 id
452 784 505 816 est
537 780 572 815 in
597 780 686 816 locis
714 781 886 826 privatis,

109 829 220 864 dieite
240 831 276 863 in
302 829 447 869 lumine,
473 827 507 863 id
525 831 581 863 est
601 827 636 862 in
660 828 750 863 locis
769 828 888 874 publi-

107 875 161 912 cis
198 878 235 911 et
264 875 550 919 communibus;
588 875 677 920 quia
719 875 887 918 Apostoli
920 893 921 897 =

107 925 254 970 postea,
279 922 316 957 in
338 923 476 968 palam,
498 923 635 968 populo
658 922 885 968 praedirave-

109 972 197 1006 runt
219 980 276 1014 ea,
290 981 374 1014 quae
397 980 567 1005 seorsum
585 980 606 1005 a
627 969 772 1005 Christo
790 969 886 1005 didi-

108 1020 263 1061 cerunt3
298 1021 330 1052 et
359 1018 455 1062 quod
482 1019 521 1051 in
555 1028 642 1052 aure
669 1019 821 1060 auditis,
851 1016 887 1052 id

107 1068 166 1101 est
195 1064 233 1099 in
262 1068 420 1109 secreto,
444 1064 527 1108 soli,
553 1065 752 1110 praedicate
781 1075 889 1109 super

109 1114 217 1152 taeta,
239 1111 276 1147 id
299 1114 356 1146 est
377 1111 527 1156 publice
546 1122 672 1146 voram
695 1111 885 1154 omnibus,

107 1158 201 1195 nulli
240 1159 517 1194 abscondentes
554 1159 733 1200 verbum,
777 1158 885 1203 quasi

109 1205 193 1252 quis
217 1209 288 1241 stet
310 1216 423 1250 super
449 1208 603 1248 tectum,
630 1209 666 1240 et
693 1205 828 1240 clamet
847 1205 885 1240 in

106 1252 312 1300 publicum.
336 1254 379 1287 Et
399 1253 565 1298 loquitur
581 1253 788 1288 secundnm
811 1263 888 1288 mo

108 1299 198 1336 dum
225 1299 263 1335 in
294 1299 508 1343 Palaestina,
543 1299 606 1335 ubi
647 1300 780 1335 domus
809 1310 885 1335 non

107 1347 251 1384 habent
272 1350 370 1382 tecta
391 1346 640 1389 cacuminata,
664 1347 728 1382 sed
752 1346 882 1392 plana;

107 1397 146 1431 et
166 1393 216 1430 ibi
239 1394 411 1430 solebant
433 1405 627 1429 sermones
652 1393 734 1429 fieri
757 1394 802 1429 ad
823 1405 887 1440 po-

104 1441 235 1489 pulum
257 1441 412 1477 int'erius
439 1440 476 1476 in
499 1445 601 1477 terra
620 1441 798 1487 positum.

158 1503 195 1525 11
232 1489 396 1524 PlGRITlA
427 1500 566 1524 NOSTRA
594 1500 724 1523 MERITO
753 1500 885 1523 REPRE-

105 1546 298 1572 Hssnmrun.
330 1557 372 1562 -
391 1536 600 1571 Considera
620 1535 695 1579 hic,
719 1534 808 1580 quia
829 1535 885 1569 di-

107 1582 241 1629 scipuli
272 1582 421 1618 Domini
450 1586 687 1628 exponuntur
710 1592 883 1627 persecu-

106 1628 287 1673 tionibus,
317 1641 386 1665 nos
421 1634 545 1665 autem
578 1629 614 1664 in
650 1639 740 1675 pace
769 1628 882 1673 pigri-

104 1678 241 1720 tamus,
262 1681 416 1722 propter
436 1677 535 1722 quod
554 1676 661 1712 venia
682 1676 785 1722 digni
811 1687 884 1711 non

105 1733 251 1760 sumus.
276 1725 379 1759 Unde
402 1725 678 1769 Chrysostomus
714 1735 722 1760 :
759 1737 772 1755 «
805 1723 883 1766 Quo

928 189 979 223 ET
1017 186 1295 221 CONFITENDO
1333 185 1539 221 CHRISTO.
1702 188 1742 221 55

963 260 1090 305 utique
1113 259 1253 295 erimus
1275 258 1378 303 digni
1406 258 1445 293 in
1479 269 1569 304 pace
1603 258 1740 296 molliti

963 305 1738 353 etpigritantes?Nullodeniquebellante,

961 355 1186 397 occidimur3
1210 353 1311 389 nullo
1331 358 1588 398 persequente,
1611 353 1741 390 dissol-

961 402 1101 438 vimur!
1124 402 1266 447 111pa‹·e
1285 399 1419 435 salvari
1434 399 1542 445 jussi,
1560 404 1593 435 et
1616 410 1739 446 neque

961 451 1031 485 hoc
1053 449 1272 495 pOSsuniusl
1297 448 1387 490 Quae
1409 446 1523 492 igitur
1546 448 1652 483 nobis
1676 459 1736 484 ve-

962 498 1054 533 nia?
1077 498 1154 531 Non
1178 495 1340 541 flagella,
1365 505 1437 529 non
1457 504 1639 536 carceres,
1665 506 1737 531 non

960 543 1160 591 prmripes‚
1185 555 1259 578 non
1284 552 1497 593 synagogae,
1536 552 1606 576 non
1635 542 1737 578 aliud

960 590 1101 636 aliquid
1128 590 1255 626 talium
1289 589 1472 631 imminet,
1501 589 1563 623 sed
1593 593 1628 623 et
1649 600 1738 624 con-

961 638 1119 675 trarium
1153 638 1384 673 universum.
1413 637 1486 671 Nos
1521 646 1736 680 regnamus,

961 685 1097 722 etenim
1142 687 1261 731 Reges
1293 683 1341 730 pii
1381 685 1480 727 sunt,
1506 687 1543 717 et
1576 683 1739 719 honores

961 733 1066 768 multi
1096 737 1182 768 sunt
1209 729 1461 773 Christianis3
1485 732 1521 765 et
1544 740 1665 773 neque
1687 729 1739 766 ita

962 791 1194 826 superamus.
1219 780 1254 815 Si
1288 778 1403 823 igitur
1431 777 1537 812 fieret
1566 776 1739 822 praelium

961 827 1212 863 Ecclesiarum
1247 830 1283 862 et
1311 823 1538 872 persecutio,
1569 823 1739 868 excogita

961 880 1101 921 quanta
1129 878 1227 910 esset
1253 873 1405 916 derisio,
1434 875 1576 918 quanta
1600 881 1737 916 oppro-

961 923 1066 958 bria!
1094 924 1134 957 Et
1159 922 1265 957 valde
1303 921 1493 957 decenter,
1517 929 1601 953 cnm
1636 918 1738 955 enim

960 970 997 1005 in
1025 970 1200 1015 palaestra
1237 968 1358 1004 nullus
1383 965 1624 1009 exercitatur,
1648 976 1739 1010 qna-

960 1017 1045 1052 liter
1067 1016 1104 1051 in
1125 1027 1244 1063 agone
1271 1015 1339 1051 erit
1362 1014 1510 1050 clarus?
1539 1014 1602 1048 Sta
1623 1012 1740 1058 igitur

960 1065 1140 1099 adversus
1170 1063 1376 1109 passiones,
1406 1062 1461 1096 ser
1495 1060 1636 1096 utiliter
1670 1061 1738 1095 do-

920 1112 922 1125 '
960 1111 1059 1146 lores
1095 1110 1155 1156 qui
1197 1114 1282 1145 sunt
1326 1108 1475 1150 mentiS,
1497 1111 1538 1142 ut
1574 1117 1638 1142 eos
1673 1105 1737 1152 qui

960 1162 1046 1193 sunt
1067 1157 1234 1204 corporis
1256 1155 1454 1192 sustineas.
1479 1153 1626 1189 Etenim
1652 1154 1739 1188 bea-

960 1209 1019 1240 tus
1050 1206 1135 1248 Job,
1166 1203 1234 1239 nisi
1268 1205 1362 1239 bene
1389 1205 1489 1238 esset
1515 1200 1740 1236 exercitatus

959 1256 1047 1288 ante
1068 1262 1224 1297 agones,
1245 1262 1317 1286 nou
1339 1249 1469 1295 utique
1491 1250 1541 1284 ita
1561 1248 1684 1283 clarus
1702 1247 1739 1283 in

960 1299 1145 1344 agonibus
1183 1297 1405 1340 effulsisset3
1436 1295 1505 1331 nisi
1536 1295 1740 1330 meditatus

963 1347 1095 1382 fuisset
1131 1349 1234 1382 extra
1254 1354 1404 1381 omnem
1429 1342 1621 1378 tristitiam
1642 1352 1738 1387 esse,

962 1394 1117 1429 dixisset
1138 1393 1264 1439 utique
1279 1390 1422 1437 aliquid
1436 1389 1618 1436 pertinax,
1641 1400 1737 1425 nunc

960 1445 1086 1476 autem
1125 1441 1170 1476 ad
1210 1450 1338 1475 omnia
1373 1438 1476 1474 stetit
1516 1436 1737 1472 certamina.

962 1491 1063 1523 llanc
1089 1487 1202 1533 igitur
1221 1485 1493 1526 fortitudinem,
1516 1484 1612 1519 hanc
1637 1494 1741 1519 mau-

959 1535 1195 1570 suetudinem
1217 1562 1226 1578 ,
1262 1537 1297 1569 et
1332 1543 1399 1568 nos
1435 1531 1596 1567 zetmms
1638 1531 1739 1566 illius

959 1581 1078 1617 sancti
1094 1581 1176 1623 viri,
1195 1580 1359 1626 quiante
1377 1580 1510 1624 Legem
1527 1581 1563 1613 et.
1578 1578 1740 1624 gratiam

957 1628 1039 1672 fuit,
1058 1632 1096 1663 ut
1113 1628 1263 1663 aeternis
1278 1637 1361 1663 cum
1380 1637 1423 1662 eo
1443 1625 1627 1671 possimus
1643 1635 1741 1660 com-

958 1675 1150 1711 municare
1175 1673 1427 1711 tabernaculis
1449 1685 1457 1709 :
1480 1686 1499 1705 »
1521 1673 1601 1708 haec
1627 1673 1740 1717 Chry-

957 1727 1147 1759 sostomus.

836 1835 1006 1872 ORATIO

154 1928 315 1965 Domine
352 1930 438 1965 Jesu
476 1928 622 1966 Christe
654 1928 958 1972 clementissime,
981 1929 1043 1974 qui
1074 1928 1277 1974 discipulos
1303 1930 1389 1963 tuos
1412 1926 1459 1962 ad
1484 1924 1739 1972 praeliandum

109 1979 242 2012 contra
268 1977 449 2012 mundum
472 1980 507 2012 et
532 1977 739 2021 diabolum,
765 1976 859 2011 sicut
883 1987 969 2012 oves
999 1977 1096 2012 inter
1118 1977 1238 2022 lupos,
1265 1973 1412 2017 misisti,
1435 1976 1471 2009 et
1497 1972 1550 2008 eis
1571 1973 1742 2008 consola-

104 2022 247 2059 tionem
269 2023 306 2058 in
329 2023 529 2059 tolerantia
564 2023 850 2060 tribulationum
879 2023 1100 2068 praestitisti,
1126 2023 1309 2058 confirma
1338 2020 1580 2066 fragilitatem
1601 2029 1740 2062 meam,

102 2072 140 2107 et
158 2069 250 2106 mihi
272 2074 400 2106 contra
431 2070 555 2106 mundi
584 2072 749 2116 perh-ula
771 2074 808 2106 et
834 2070 991 2105 insidias
1010 2070 1165 2114 diaboli,
1189 2071 1313 2116 praebe
1331 2068 1571 2111 firmitatem3
1594 2065 1741 2102 custodi

106 2126 167 2154 me
188 2118 235 2153 ab
257 2117 430 2153 hostibus
452 2118 545 2154 meis
567 2118 774 2154 visibilibus
795 2120 830 2153 et
851 2117 1114 2161 invisibilibus,
1137 2122 1173 2153 et
1197 2119 1243 2152 da
1264 2115 1355 2152 mihi
1374 2114 1594 2162 patientiam
1615 2113 1652 2149 in
1673 2113 1742 2149 ad-

104 2164 225 2200 versis
246 2168 283 2200 et
302 2164 623 2206 tribulationibus,
646 2170 686 2201 ut
706 2170 755 2210 te,
775 2175 899 2200 mcum
921 2166 1152 2208 Creatorem,
1176 2175 1324 2210 semper
1350 2163 1508 2199 sentiam
1531 2172 1656 2197 meum
1677 2161 1741 2196 de-

106 2210 309 2256 fensorem,
332 2216 368 2248 et
389 2212 425 2247 in
447 2213 622 2258 praesenti
651 2212 727 2248 vita
759 2222 908 2257 semper
929 2223 950 2247 a
971 2216 1007 2248 te
1034 2212 1223 2257 defensus,
1245 2214 1330 2258 post
1353 2211 1451 2247 hanc
1479 2210 1526 2246 ad
1552 2213 1589 2245 te
1614 2218 1744 2255 perve-

104 2258 222 2305 niam,
237 2270 259 2296 a
277 2259 439 2306 peccatis
457 2260 631 2296 omnibus
649 2259 857 2296 absolutus.
873 2260 1005 2297 Amen.

774 2449 955 2496 CAPUT
992 2450 1083 2495 LlII

373 2572 423 2600 DE
452 2572 584 2601 MORTE
612 2572 690 2602 NON
726 2572 905 2600 TIMENDA
934 2572 984 2599 ET
1013 2572 1178 2602 CHRISTO
1211 2571 1474 2604 CONFITENDO·

756 2659 922 2697 Matthaei
943 2671 1024 2708 cap.
1052 2662 1096 2698 X.

164 2781 177 2804 1
207 2767 261 2803 DE
285 2778 404 2803 nonu:
431 2779 602 2803 CORPORIS
635 2779 794 2804 PROPTER
833 2779 896 2802 sEx
929 2768 935 2814 Ι
969 2767 1149 2804 Dominus
1176 2766 1338 2803 excussit
1355 2764 1546 2812 discipulis
1568 2762 1751 2800 timorem

119 2825 294 2852 Iunones
327 2825 401 2852 NON
432 2826 669 2865 T1unnnA.—
690 2816 896 2860 Postquam
928 2816 935 2861 1
968 2814 1272 2862 persecutionum
1295 2817 1333 2851 et
1364 2812 1544 2857 infamiae,
1574 2822 1640 2848 seu
1668 2820 1748 2847 ma-
