1894 3186
112 179 152 214 86
607 175 754 210 PRIMAE
791 174 947 208 PARTIS
986 173 1122 206 CAPUT
1159 173 1252 207 LVII

110 260 181 286 nus
198 260 206 285 :
222 247 516 284 Lamentavimus
533 248 566 282 et
581 256 653 281 ηοη
670 246 885 291 planoeistz's,

112 297 160 333 ad
175 298 359 332 Joannem
377 293 551 340 pertinet,
571 293 674 339 cujus
696 291 886 328 abstinen-

110 344 164 379 tia
184 354 204 378 a
223 343 304 378 cibo
325 345 362 377 et
380 347 482 387 potu,
498 341 636 376 luctum
653 338 887 386 poenitentiae

113 389 365 436 significabat;
385 388 485 434 quod
505 391 629 423 autem
651 387 702 422 ait
724 398 731 421 :
756 387 874 423 Cecim'

112 448 206 480 mus,
229 440 262 471 et
292 447 362 471 non
395 436 571 476 saltastis,
595 434 643 469 ad
669 434 789 479 ipsum
814 434 886 468 Do-

113 484 257 520 minum
294 481 473 528 pertinet,
515 481 577 526 qui
623 480 760 516 utendo
803 489 886 515 cum

113 531 249 568 ceteris
273 530 354 566 cibo
379 533 415 565 et
441 532 532 575 potu
568 527 736 564 laetitiam
769 525 888 562 futuri

113 577 230 615 seculi
265 580 301 612 et
337 576 445 622 regni
480 576 680 620 figurabat.
722 576 889 610 Joannes

113 625 214 662 enim
250 623 444 670 praecessit
482 622 519 657 in
558 627 644 668 typo
690 619 890 667 praesentis

112 672 214 714 vitae,
243 682 325 716 quae
363 670 474 705 debet
507 680 589 704 esse
624 669 662 703 in
696 669 886 710 lament03

116 720 182 756 sed
203 718 371 754 Christus
399 718 546 752 secutus
576 719 644 759 est,
670 714 705 749 in
723 719 809 760 typo
828 714 890 749 fu-

116 769 225 809 turae,
248 776 330 810 quae
351 763 421 799 erit
438 763 476 797 in
498 762 647 809 gaudio.
663 762 768 796 Unde
788 760 892 796 Psalss

117 812 230 849 mista
251 823 259 846 τ
283 812 353 854 Qui
378 812 557 845 seminant
582 811 618 843 z'n
646 810 830 852 lacrymis,
849 810 888 842 in

118 861 362 895 exsultatione
381 860 523 892 metent.
548 856 618 892 Sed
639 855 805 901 perversi
828 856 893 889 Ju-

118 906 203 947 daei,
232 905 403 940 videntes
446 903 701 938 austeritatem
733 900 892 936 Joannis

118 952 308 998 Baptistae,
331 962 397 996 per
418 951 487 984 hoc
515 948 605 983 moti
629 958 703 982 non
736 950 823 981 sunt
845 946 894 981 ad

118 999 394 1046 poenitentiam‚
423 1000 459 1031 et
485 998 630 1040 postea,
654 993 893 1029 dnlcedinem

120 1045 275 1088 Christi,
298 1048 334 1079 et
359 1048 483 1078 tamen
514 1052 578 1086 per
604 1042 672 1076 hoc
706 1040 795 1075 moti
820 1051 895 1075 non

120 1101 208 1130 sunt
228 1092 273 1127 ad
290 1091 482 1137 pietatem.
508 1089 609 1124 Unde
628 1090 894 1130 Hiermzysmus:

124 1154 142 1173 «
169 1139 304 1175 Dicunt
335 1147 422 1181 ergo
457 1147 465 1171 t
495 1135 696 1171 cecinimus
715 1134 821 1170 vobis
862 1138 898 1169 et

122 1184 408 1234 provocavimus
449 1194 526 1226 vos,
563 1186 603 1217 ut
641 1182 687 1217 ad
726 1185 896 1216 nostrum

123 1233 309 1270 canticum
345 1232 445 1266 bona
482 1240 596 1275 opera
636 1228 822 1271 taceretis,
862 1231 898 1263 et

124 1279 324 1321 noluistis,
362 1276 662 1315 lamentavimus,
692 1279 727 1311 et
758 1286 823 1310 vos
851 1275 897 1309 ad

122 1325 384 1375 poenitentiam
412 1323 710 1370 provocavimus,
735 1333 801 1357 nee
826 1323 898 1357 hoe

125 1374 276 1421 quidem
314 1374 436 1407 tacere
466 1370 648 1413 voluistis,
678 1373 898 1415 spernentes

124 1426 322 1465 utramque
338 1417 658 1464 przedirationein,
674 1423 749 1451 tam
769 1417 901 1451 exhor-

125 1468 289 1504 tationes
317 1466 363 1501 ad
400 1465 554 1499 virtutes
576 1474 687 1509 quam
710 1464 756 1498 ad
780 1463 897 1507 poeni-

125 1514 280 1550 tentiam
309 1516 393 1559 post
417 1517 569 1558 peccata
592 1523 599 1546 :
624 1525 640 1542 υ
665 1512 744 1545 11ωο
778 1512 901 1545 Hiero-

126 1573 149 1597 n
178 1572 269 1596 mus.

153 1574 194 1643 y‘Z
213 1609 483 1643 SPIRITUALITER
501 1616 632 1640 CANTUS
654 1617 694 1639 ET
712 1615 901 1638 LAMENTI'M

129 1665 397 1692 PRAEDICANTIUM
431 1664 590 1687 TRIPLEX.
616 1672 657 1676 -
681 1653 818 1686 DOClOI'
844 1650 901 1685 Vel

126 1702 352 1749 praedicator
367 1703 491 1735 cantat.
507 1699 819 1744 quandocumque
836 1698 903 1732 sci-

129 1749 214 1785 licet
235 1749 281 1784 de
305 1746 505 1782 virtutibus
527 1749 562 1781 et
584 1745 734 1780 aeternis
755 1744 902 1791 gaudiis

130 1797 252 1839 docet,
288 1794 343 1829 vel
374 1793 574 1839 praedicat·,
601 1796 636 1827 et
671 1796 761 1827 tune
792 1792 899 1826 audi-

127 1846 232 1878 tores
259 1842 437 1887 plangere
468 1840 619 1882 debent,
645 1842 680 1874 et
703 1838 899 1884 poenitere.

130 1888 402 1936 Spiritualiter,
432 1886 535 1932 pueri
565 1889 648 1921 sunt
688 1885 905 1931 praedicato-

129 1947 191 1973 res
212 1941 248 1971 et
272 1935 443 1970 doctores
464 1945 471 1968 :
490 1934 594 1979 pueri
614 1944 680 1979 per
707 1943 904 1968 conversa-

127 1983 247 2020 tionis
269 1981 535 2024 humilitatem,
560 1991 627 2026 per
653 1980 904 2015 columbinam

132 2029 426 2075 simplicitatem,
439 2032 475 2063 et
493 2038 560 2073 per
579 2027 662 2062 vitae
677 2026 875 2073 puritatem
895 2037 903 2069 ;

132 2077 311 2114 sedentes
352 2075 390 2110 in
431 2075 525 2118 soro,
566 2074 653 2119 qnia
690 2073 906 2109 venditores

132 2123 357 2165 coelestium,
373 2121 519 2167 judices
541 2121 750 2157 animarum
763 2127 905 2166 etprze-

133 2181 247 2207 eones
283 2168 466 2214 regalium
504 2172 795 2214 praeceptorum3
837 2168 908 2202 cla-

133 2220 281 2253 mantes
300 2215 539 2262 praedicando
561 2215 825 2260 coaequalibus,
850 2225 908 2249 se·

136 2264 301 2300 cundum
329 2262 571 2308 capacitatem
601 2262 815 2297 auditorum
841 2262 909 2296 do-

133 2310 293 2347 ctrinam
309 2309 622 2354 contemperando
637 2320 644 2352 ;
665 2312 839 2344 canentes
854 2319 913 2343 ve-

133 2368 179 2394 ro
217 2355 513 2392 misericordiam
541 2359 791 2401 peccatorum,
825 2366 911 2401 gra-

134 2403 227 2440 tiam
247 2404 450 2449 justorum,
475 2405 511 2437 et
536 2403 693 2448 gloriam
718 2403 912 2438 beatorum

133 2449 395 2497 exprimendo.
411 2448 558 2494 Triplex
575 2460 663 2494 ergo
682 2458 820 2485 canunt
836 2459 915 2484 car-

138 2508 241 2540 men,
254 2497 394 2532 scilicet
410 2508 418 2531 :
434 2496 689 2542 nuptiale,pro
700 2497 837 2532 unione
849 2495 913 2531 Dei

140 2547 178 2581 et
197 2543 358 2587 animae3
381 2543 578 2585 familiare,
601 2553 669 2588 pro
696 2542 915 2578 inhabitati-

141 2601 213 2628 one
222 2590 357 2626 divinae
366 2591 589 2635 praesentiae;
599 2589 838 2635 triumphale,
849 2600 916 2635 pro

141 2636 466 2674 consummatione
484 2636 663 2671 victoriae.
688 2638 731 2671 Et
753 2648 825 2672 non
847 2637 918 2672 sal-

139 2688 224 2722 tant
253 2684 342 2719 mali
379 2684 473 2719 saltu
510 2683 767 2719 conversionis
794 2684 916 2729 quoad

141 2731 321 2779 primum,
348 2731 445 2766 saltu
476 2729 685 2765 devotionis
705 2734 826 2775 quoad
858 2741 915 2766 se-

145 2778 325 2822 cundum,
361 2782 399 2813 et
435 2777 534 2814 saltu
576 2776 915 2823 comtemplationis

974 243 1097 289 quoad
1114 243 1281 279 tertium.
1303 244 1525 280 Lamentant
1542 244 1665 278 autem
1686 250 1748 276 os-

974 290 1173 344 tendentes
1189 291 1335 337 culpam
1356 289 1612 336 multiplicem,
1635 286 1749 323 mise·

974 347 1070 373 riam
1087 341 1311 383 praesentem
1327 342 1363 373 et
1377 347 1525 383 poenam
1543 339 1721 371 aeternam
1736 343 1749 367 τ

977 384 1043 421 sed
1063 383 1151 420 mali
1178 395 1255 420 non
1276 385 1459 430 plangunt
1480 384 1631 430 planctu
1653 390 1751 417 com-

976 431 1189 478 punctionis
1203 442 1270 478 pro
1285 432 1405 477 culpa,
1421 431 1572 476 planetu
1587 437 1753 474 compas-

978 477 1094 515 sionis
1118 488 1186 523 pro
1207 478 1374 522 miseria,
1395 478 1546 524 planctu
1568 473 1752 512 orationis

977 536 1045 573 pro
1068 536 1192 571 poena.

1026 576 1046 608 5
1068 574 1181 609 JUDAEI
1202 584 1379 608 Pssnvl-:Rsss
1403 581 1667 607 AusTEmTATEn
1685 570 1747 605 Jo-

978 632 1084 656 ANNIS
1106 632 1147 654 ET
1162 630 1517 654 CONDESCENDENTIAM
1535 619 1677 654 CHRISTI
1694 626 1748 650 IN-

979 679 1266 703 TERPRETANTUR.
1290 687 1333 692 —
1351 665 1492 701 Deinde
1521 662 1743 710 applicando

981 714 1263 750 similitudinem
1283 713 1331 749 ad
1351 711 1598 759 propositum,
1620 708 1746 745 subdit

980 760 1249 807 increpationis
1288 759 1474 805 duplicem
1512 758 1698 794 rationem
1740 766 1748 791 ε

981 808 1071 854 quia
1096 818 1172 842 non
1191 807 1431 843 crediderunt
1451 804 1585 842 Joanni
1606 804 1651 839 ad
1670 812 1750 849 poe-

981 854 1178 890 nitentIam
1211 853 1435 897 exhortanti,
1464 864 1530 888 nec
1568 848 1752 888 Salvatori

982 902 1028 936 ad
1068 900 1364 936 misericordiam
1403 898 1612 935 advocanti.
1659 898 1751 932 Nam

982 958 1050 982 nec
1072 947 1286 992 praedicatio
1308 952 1343 983 et
1360 946 1581 993 poenitentia
1597 943 1752 980 Joannis

984 1006 1047 1029 eos
1068 994 1114 1029 ad
1136 994 1275 1029 luctum
1301 998 1337 1029 et
1358 993 1615 1039 poenitentiam
1641 991 1754 1039 infle-⁸

983 1041 1048 1084 xit,
1061 1051 1126 1075 nec
1137 1041 1352 1086 praedicatio
1367 1045 1403 1076 et
1417 1040 1606 1076 convictus
1619 1037 1757 1074 Christl

984 1087 1038 1123 eis
1062 1087 1220 1133 placuit;
1250 1088 1315 1122 sed
1347 1089 1609 1123 remanserunt
1637 1083 1757 1120 obsti—

984 1134 1060 1170 nati
1098 1134 1134 1168 in
1158 1133 1332 1178 peccatis,
1354 1133 1549 1177 utriusque
1576 1131 1754 1176 praedica-

985 1181 1126 1217 tionem
1170 1180 1445 1215 contemnendo
1489 1182 1525 1214 et
1563 1178 1759 1223 utriusque

985 1228 1099 1263 vitam
1131 1227 1169 1262 in
1200 1228 1340 1262 malum
1369 1225 1665 1271 interpretando.
1690 1226 1759 1261 Ve-

985 1278 1040 1310 nit
1079 1276 1172 1310 enim
1208 1276 1374 1317 Joannes‘,
1420 1284 1491 1308 non
1534 1272 1758 1307 manducans

985 1333 1099 1367 neque
1129 1322 1264 1361 bibens,
1295 1320 1333 1356 id
1366 1325 1421 1355 est
1452 1319 1490 1354 in
1529 1317 1756 1355 abstinentia

986 1369 1147 1405 maxima
1165 1368 1291 1403 vivens
1313 1367 1400 1403 :ille
1420 1367 1520 1402 enim
1541 1365 1601 1411 qui
1622 1375 1756 1411 parum

987 1416 1161 1459 comedit,
1192 1415 1326 1450 dicitur
1352 1426 1426 1449 non
1465 1414 1676 1456 comedere,
1699 1422 1756 1447 se-

986 1464 1146 1499 cundum
1168 1472 1403 1497 communem
1423 1461 1573 1496 modum
1596 1460 1755 1504 loquen-

986 1511 1023 1545 di
1041 1522 1049 1553 3
1073 1510 1144 1553 vel,
1162 1520 1229 1544 non
1247 1510 1484 1547 manducans,
1506 1518 1618 1552 neque
1637 1507 1758 1541 bibens

988 1557 1147 1593 delicata
1168 1556 1326 1599 scilicet3
1355 1556 1424 1599 vel,
1448 1567 1516 1589 non
1539 1555 1760 1589 manducans

989 1604 1130 1641 scilicet
1150 1614 1299 1649 panem,
1321 1614 1435 1647 neque
1467 1603 1588 1636 bibens
1618 1600 1758 1635 scilicet

988 1652 1115 1687 vinum
1139 1654 1174 1686 et
1201 1650 1370 1685 siceram.
1400 1649 1610 1685 Secundum
1631 1649 1758 1692 Augu-

988 1701 1136 1739 starum,
1159 1699 1323 1733 Joannes
1349 1696 1469 1732 dictus
1490 1700 1546 1731 est
1569 1706 1639 1730 non
1657 1705 1760 1730 man—

989 1747 1126 1781 ducans
1159 1756 1271 1789 neque
1298 1745 1431 1787 bibens,
1455 1742 1543 1788 quia
1568 1742 1631 1777 illo
1663 1741 1759 1777 victu

991 1803 1064 1838 qno
1083 1791 1199 1827 Judaei
1221 1792 1435 1833 utebantur,
1459 1801 1533 1825 non
1560 1790 1755 1831 utebatur;

990 1841 1059 1875 1100
1080 1850 1168 1883 ergo
1188 1837 1382 1881 Dominus,
1400 1837 1471 1872 nisi
1488 1840 1667 1879 uteretur,
1686 1846 1759 1871 non

992 1887 1027 1921 in
1051 1886 1130 1931 ejus
1157 1884 1436 1931 comparatione
1466 1884 1693 1919 manducans
1727 1884 1764 1918 et

992 1933 1123 1969 bibens
1149 1932 1348 1967 diceretur.
1378 1933 1469 1967 Ecce
1497 1941 1593 1967 unus
1627 1940 1764 1976 puero·-

992 1991 1075 2016 rum
1099 1979 1399 2021 lamentantium,
1421 1979 1458 2013 id
1477 1982 1532 2013 est
1554 1978 1759 2023 Propheta-

993 2038 1075 2063 rum
1095 2027 1141 2063 ad
1165 2026 1422 2071 poenitentiam
1442 2027 1556 2061 verbo
1586 2028 1623 2060 et
1643 2033 1765 2060 exem-

993 2076 1054 2121 plo
1078 2073 1373 2121 provocantium,
1399 2076 1435 2108 et
1455 2077 1578 2108 tamen
1601 2082 1676 2108 non
1691 2081 1769 2107 cre-

995 2123 1086 2157 dunt
1117 2121 1149 2156 ei
1182 2120 1321 2163 Judaei3
1348 2120 1413 2155 sed
1442 2124 1475 2154 et
1505 2129 1680 2165 perverse
1709 2117 1767 2154 di-

995 2173 1078 2204 cunt
1102 2181 1112 2203 .·
1136 2169 1357 2202 Daemom'um
1383 2167 1500 2201 habet.
1529 2168 1640 2209 Quasi
1666 2164 1769 2201 dice-

994 2219 1078 2251 rent
1094 2216 1195 2250 More
1207 2214 1431 2256 daemonum,
1446 2224 1520 2248 11011
1536 2212 1769 2248 comeditne-

997 2273 1068 2308 qne
1085 2261 1200 2305 bibit3
1217 2261 1273 2296 vel
1289 2260 1543 2296 daemoniacus
1561 2264 1597 2296 et
1614 2260 1768 2295 insanus

997 2314 1067 2353 est,
1083 2309 1338 2344 austeritatem
1354 2309 1434 2353 ejus
1445 2307 1605 2343 daemoni
1617 2306 1769 2342 attribu-

999 2357 1109 2392 endo.
1130 2354 1355 2391 Daemoniaci
1368 2354 1467 2390 enim
1479 2357 1634 2400 possunt
1651 2353 1768 2389 multa

999 2414 1110 2450 agere
1134 2406 1171 2438 et
1198 2401 1287 2448 pati,
1309 2412 1391 2447 quae
1412 2413 1487 2437 non
1513 2405 1668 2448 possunt
1690 2399 1766 2437 alii.

1000 2450 1079 2494 Vel,
1098 2460 1175 2485 non
1203 2451 1259 2484 est
1278 2448 1339 2484 hic
1358 2450 1468 2484 homo
1490 2459 1512 2484 a
1537 2450 1627 2491 Deo,
1648 2447 1700 2484 ita
1720 2446 1770 2482 ri-

1001 2497 1110 2543 gidus
1141 2496 1212 2532 sibi
1232 2499 1269 2531 et
1295 2495 1390 2540 aliis,
1413 2506 1495 2531 cum
1517 2495 1698 2531 Dominus
1722 2493 1771 2529 sit

1002 2542 1125 2580 suavis
1159 2546 1196 2578 et
1224 2542 1337 2578 mitis.
1359 2562 1404 2569 —
1433 2544 1539 2578 Venit
1565 2544 1681 2577 Filius
1713 2542 1772 2576 ἠο-

1001 2593 1124 2631 minis,
1161 2589 1301 2625 scilicet
1334 2589 1512 2634 Virginis,
1549 2600 1624 2625 non
1649 2587 1770 2624 homi-

1001 2648 1089 2674 num
1111 2636 1250 2672 scilicet
1269 2635 1338 2671 viri
1365 2640 1399 2671 et
1420 2635 1599 2679 mulieris,
1621 2635 1770 2670 mandu-

1002 2695 1086 2720 cans
1114 2688 1146 2719 et
1178 2684 1312 2727 bibens,
1334 2683 1473 2718 scilicet
1500 2683 1539 2719 in
1565 2683 1704 2719 mundo
1733 2685 1771 2717 et

1001 2731 1041 2767 in
1062 2730 1208 2777 publico
1223 2741 1306 2766 cum
1318 2729 1401 2765 aliis
1418 2729 1645 2775 hominibus,
1662 2729 1700 2765 id
1711 2731 1770 2764 est

1002 2788 1240 2814 communem
1265 2777 1379 2813 vitam
1397 2776 1498 2814 inter
1513 2776 1685 2813 homines
1701 2775 1771 2812 du-
