1894 3186
385 199 440 233 DE
478 197 806 234 HAEMORRHOICA
843 199 895 234 ET
931 199 1294 234 ARCHISYNAGOGI
1334 199 1471 234 FILIA.
1710 202 1751 236 29

125 285 214 312 vero
251 276 360 309 vocat
393 274 577 315 sanatam,
616 270 700 305 fidei
729 270 896 307 ratione:

126 323 218 359 fides
251 322 349 357 enim
385 318 518 356 Christi
573 318 639 353 Dei
678 317 896 353 filiationem

124 373 288 415 praestat.
332 380 350 401 »
390 366 603 402 Notandum
644 365 770 407 etiam,
796 365 894 410 quod

125 417 306 453 Dominus
323 424 397 450 non
413 414 515 454 dixit,
535 423 603 458 ego
619 413 746 448 sanavi
766 415 815 457 te,
834 412 896 447 sed

124 464 217 500 fides
236 467 312 504 tua,
333 466 373 497 ut
394 460 585 496 vitandam
608 459 895 494 ostentationem

124 511 276 554 doceat,
296 513 408 554 atque
431 508 605 543 meritum
626 506 711 541 fidei
732 507 895 541 extollat.

124 558 242 602 Unde,
262 556 467 592 secundum
487 554 658 590 eumdem
685 555 894 598 chrysosto-

122 615 234 648 mum,
271 604 449 638 Dominus
475 602 541 647 ait,
573 601 671 647 quod
705 600 797 636 fides
833 611 899 635 sua

123 653 241 697 ipsam
272 654 483 690 sanaverat,
510 650 640 684 nolens
665 659 741 688 suat
770 647 898 683 virtuti

122 699 187 735 sed
222 698 310 733 fidei
341 699 419 744 eJ'us
459 696 630 732 sanitatis
674 694 895 731 beneficium

123 756 317 791 arrogare,
339 745 475 780 docens
494 755 559 790 per
576 745 645 780 hoc
666 743 703 778 in
723 742 900 778 virtuosis

123 792 270 830 actibus
315 792 463 834 nostris,
505 801 579 827 non
615 794 797 833 nostram,
836 789 899 824 sed

123 841 190 876 Dei
211 840 373 883 laudem,
394 850 562 886 quaerere
582 839 719 874 debere
741 842 777 872 et
805 848 898 881 prae-

125 888 264 923 dicare.
304 889 347 922 Et
380 887 526 922 addidit
560 886 768 921 Dominus:
799 885 900 921 Vade

122 936 161 970 in
176 945 278 980 pace,
314 945 396 978 quae
431 934 573 969 scilicet
606 934 704 978 prius
739 942 820 966 eras
862 931 899 966 in

124 982 423 1028 perturbatione,
449 984 601 1026 propter
620 980 769 1025 longam
794 979 898 1013 insir-

121 1029 287 1064 mitatem
311 1034 410 1064 tuam
437 1028 684 1074 corporalem.
710 1027 775 1062 Ubi
797 1026 897 1061 idem

125 1077 398 1120 chrysostomus
440 1089 449 1110 .·
491 1089 505 1108 «ι
534 1076 630 1110 Dicit
665 1078 788 1109 autem
817 1073 849 1108 ei
890 1085 897 1108 :

125 1124 228 1160 Vade
248 1125 287 1158 in
304 1134 404 1169 pace,
427 1122 578 1158 mittens
600 1123 635 1156 in
656 1121 768 1156 finem
786 1121 901 1155 bono-

123 1181 220 1212 rum,
246 1171 282 1205 in
306 1171 521 1214 paceenim
553 1170 650 1204 Deus
684 1168 841 1211 habitat,
862 1171 901 1202 ut

124 1222 337 1264 cognoscat,
361 1218 459 1262 quod
488 1227 563 1251 non
591 1216 709 1251 solum
745 1225 901 1259 corpore

123 1269 252 1300 curata
284 1270 351 1308 est,
376 1266 438 1299 sed
476 1265 588 1299 etiam
620 1274 641 1298 a
668 1263 789 1297 causis
821 1273 902 1296 cor-

122 1313 261 1357 poralis
283 1312 474 1356 passionis,
496 1311 533 1346 id
555 1314 608 1346 est
628 1309 799 1355 peccatis,
821 1319 901 1344 mu-

120 1363 211 1395 tata.
235 1373 252 1391 >›
272 1362 318 1394 Et
337 1360 441 1394 salva
459 1360 561 1402 faeta
596 1361 646 1392 est
681 1357 824 1400 mulier,
858 1367 903 1391 eae

120 1407 189 1442 illa
210 1408 310 1443 hora.
330 1407 430 1442 »Ubi
447 1405 498 1442 ait
512 1406 652 1442 Glossa:
669 1404 904 1448 «Intelligen-

122 1454 210 1489 dum
245 1460 299 1489 est
324 1465 367 1490 eae
402 1455 469 1489 illa
491 1455 592 1497 hora,
613 1464 653 1487 ex
681 1462 752 1497 qua
778 1451 902 1497 tetigit

122 1501 326 1547 fimbriam,
352 1512 427 1536 non
451 1512 493 1536 ex
521 1501 584 1535 illa
619 1501 725 1540 hora,
750 1510 792 1533 ex
828 1510 902 1544 qua

121 1549 226 1584 Jesus
244 1559 444 1584 conversus
462 1551 513 1583 est
531 1548 578 1582 ad
594 1557 674 1582 eam
691 1547 787 1591 3jam
800 1548 897 1581 enim

120 1596 221 1631 salva
243 1596 339 1631 facta
357 1600 449 1635 erat,
487 1598 526 1630 ut
546 1605 588 1630 ex
607 1594 730 1628 verbis
751 1592 900 1628 Domini

122 1643 302 1688 perpendi
324 1646 456 1688 potest.
484 1654 502 1675 ))

169 1693 188 1725 5
212 1690 295 1732 Qum
329 1701 454 1725 FUERIT
490 1700 563 1724 HAEC
596 1689 756 1724 MULIER?
778 1701 818 1723 ET
856 1700 899 1722 DE

122 1748 255 1773 STATUA
275 1749 319 1772 AB
341 1749 418 1772 irsA
441 1737 595 1772 Cnmsm
617 1748 762 1772 anserx.
786 1756 830 1761 —
850 1737 900 1771 Ex

120 1785 243 1820 verbis
270 1785 457 1820 Ambrosii
484 1785 720 1829 quibusdam,
750 1783 899 1818 videtur

119 1832 218 1877 quod
239 1833 319 1867 haec
341 1832 476 1867 mulier
499 1832 646 1867 Martha
669 1831 807 1873 fuerit,
835 1829 898 1875 qui

120 1880 159 1914 in
186 1880 347 1924 quodam
373 1889 560 1923 sermone,
586 1880 684 1914 inter
716 1877 899 1913 beneficia

120 1926 257 1962 Christi
304 1937 386 1971 quae
423 1931 632 1971 enumerat,
679 1926 731 1961 sic
761 1926 850 1961 dicit
889 1936 897 1961 ε

124 1987 136 2005 α
149 1974 243 2008 Dum
262 1973 409 2019 largum
428 1974 620 2020 sanguinis
637 1974 774 2008 ssuxum
791 1973 902 2008 sicca-

123 2020 173 2056 vit
192 2021 228 2055 in
249 2022 407 2065 Martha,
433 2022 519 2056 dum
548 2021 736 2056 daemones
764 2021 900 2064 expulit

121 2068 166 2103 de
190 2069 318 2112 Maria,
342 2069 429 2103 dum
454 2078 586 2113 corpus
610 2066 766 2103 redivivi
788 2068 898 2112 spiri-

119 2118 178 2150 tus
204 2116 326 2151 calore
362 2115 585 2151 constrinxit
616 2115 654 2150 in
691 2114 846 2151 Lazaro.
878 2126 895 2146 n

121 2162 193 2198 Sed
228 2173 270 2197 ex
309 2163 386 2197 istis
416 2162 538 2198 verbis
571 2163 772 2207 Ambrosii,
803 2162 896 2197 bene

120 2209 292 2250 habetur,
317 2210 416 2255 quod
448 2210 591 2245 Martha
613 2209 724 2245 fuerit
745 2220 766 2244 a
787 2209 894 2244 Chri-

120 2260 176 2292 sto
205 2261 334 2292 curata
355 2267 377 2291 a
410 2257 510 2292 fluxu
542 2256 760 2303 sanguinis;
797 2256 896 2301 quod

120 2307 245 2340 autem
273 2305 418 2339 Martha
441 2304 553 2339 suerit
581 2305 661 2340 haee
688 2302 823 2339 mulier
852 2304 895 2338 de

120 2360 194 2396 qua
214 2351 274 2387 hic
293 2352 428 2397 agitur,
442 2362 518 2387 non
537 2352 697 2388 hahetur
716 2362 758 2386 ex
774 2351 896 2386 verbis

120 2397 218 2442 illis;
241 2402 279 2434 et
298 2399 396 2444 quod
422 2398 504 2434 haec
525 2399 662 2434 mulier
685 2409 759 2433 non
782 2397 896 2433 suerit

119 2445 278 2491 Martha,
301 2456 343 2480 ex
369 2446 440 2481 hoc
462 2446 624 2490 videtur,
652 2446 739 2491 quia
762 2446 806 2481 de
826 2445 896 2480 hac

119 2491 279 2528 muliere
294 2493 431 2528 dicitur
445 2493 544 2538 quod
563 2503 712 2528 omnem
728 2493 897 2528 substan-

119 2539 211 2574 tiam
236 2549 341 2575 suam
378 2540 416 2575 in
451 2540 618 2576 medicos
653 2542 893 2586 erogaverat3

119 2587 264 2622 Martha
283 2591 407 2622 autem
435 2587 537 2622 dives
557 2592 649 2623 erat.
679 2588 754 2622 Hoc
782 2587 894 2622 etiam

119 2637 223 2678 patet
247 2643 314 2679 per
345 2634 553 2678 Eusebium,
588 2634 651 2680 qui
690 2633 778 2669 dicit
799 2635 893 2668 hanc

118 2679 314 2715 mulierem
341 2681 453 2717 fuisse
479 2682 679 2726 quamdam
713 2682 893 2716 Caesareae

120 2726 284 2772 Philippi
302 2727 435 2764 civem.
452 2728 770 2771 Nam,secundum
792 2738 889 2770 eum,

121 2774 257 2809 mulier
288 2775 575 2819 haemorrhoica,
611 2779 810 2821 postquam
838 2785 894 2809 sa-

122 2823 210 2856 nata
238 2823 306 2867 est,
333 2821 421 2857 fecit
447 2822 485 2857 in
514 2823 684 2860 Caesarea
715 2822 890 2868 Philippi,

975 273 1074 308 unde
1108 271 1268 307 oriunda
1301 277 1370 315 est,
1397 277 1556 311 statuam
1589 284 1747 318 teneam,

975 321 1011 354 in
1048 318 1152 354 curia
1189 329 1256 354 sua
1297 319 1408 363 sieri,
1444 322 1491 356 ad
1542 323 1746 365 imaginem

975 366 1128 409 Christi,
1144 377 1227 401 cum
1249 366 1406 402 fimbriis
1423 368 1503 413 ejus
1523 369 1749 414 vestimenti;

976 415 1169 459 ipsamque
1191 413 1393 459 imaginem
1422 415 1458 449 in
1487 426 1621 459 magna
1642 427 1747 451 reve-

976 462 1097 497 rentia
1113 461 1277 497 hahebat
1297 491 1305 505 ,
1327 465 1363 496 et
1381 462 1512 498 devote
1547 464 1745 500 adorabat.

977 509 1079 544 Fecit
1106 507 1233 550 etiam,
1279 520 1320 543 ex
1348 510 1530 555 opposito,
1554 511 1753 553 imaginem

976 566 1094 596 suam,
1133 556 1236 590 flexis
1284 557 1467 601 genilius,
1510 561 1546 591 et
1581 557 1750 592 manibus

974 604 1113 649 junctis
1133 613 1175 637 ac
1198 604 1424 643 cancellatis,
1448 604 1551 649 quasi
1577 615 1749 648 precare-

977 656 1039 685 tur
1060 655 1094 685 et
1115 651 1354 695 supplicaret,
1375 662 1500 686 versus
1522 662 1632 696 quam
1659 653 1750 686 ima-

977 698 1102 743 ginem
1145 698 1283 733 Christi
1320 709 1473 734 manum
1515 698 1751 734 extendebat.

976 745 1143 788 Contigit
1180 748 1304 781 autem
1332 746 1431 791 quod
1465 747 1593 781 subtus
1620 745 1749 790 imagi-

977 803 1063 829 nem
1092 792 1240 837 Christi,
1275 793 1391 828 crevit
1416 793 1533 829 herba
1561 794 1748 838 quamam,

978 841 1114 875 nullius
1135 840 1312 875 efficaciae
1334 845 1370 875 et
1386 841 1546 881 virtutis,
1564 851 1647 885 quae
1667 850 1749 875 cum

978 888 1165 923 fimbriam
1201 888 1423 933 attingebat,
1456 892 1568 923 tantae
1607 887 1753 922 virtutis

978 939 1071 978 erat,
1095 935 1193 979 quod
1221 945 1349 970 omnes
1384 935 1618 970 infirmitates
1650 945 1756 971 sana-

980 983 1054 1018 bat.
1084 984 1222 1017 Iterum
1256 982 1346 1017 dicit
1379 983 1631 1026 Hieronymus,
1655 983 1753 1027 quod

978 1030 1148 1064 Julianus
1175 1030 1365 1074 Apostata,
1403 1040 1485 1064 cum
1519 1033 1754 1072 cognovisset

979 1077 1077 1121 quod
1102 1077 1137 1111 in
1158 1076 1329 1111 Caesarea
1350 1076 1510 1121 Philippi
1531 1080 1625 1111 esset
1645 1077 1755 1111 simu-

980 1124 1137 1167 lacrum,
1167 1123 1265 1167 quod
1288 1123 1430 1157 scilicet
1449 1123 1640 1165 sanguinis
1661 1123 1755 1158 libe-

978 1174 1059 1206 rata
1082 1169 1261 1215 profluvio
1285 1169 1423 1205 femina
1445 1170 1595 1213 fecerat,
1621 1181 1663 1204 eo
1697 1170 1757 1205 de-

983 1219 1114 1263 posito,
1130 1228 1234 1252 suam
1261 1217 1461 1263 imaginem
1478 1217 1526 1252 ihi
1544 1217 1751 1262 collocavit,

981 1276 1062 1311 quae
1084 1265 1251 1300 fulminis
1270 1265 1344 1299 ictu
1362 1265 1478 1299 fracta
1502 1268 1570 1299 est.

1028 1317 1048 1348 6
1069 1314 1244 1355 QUOMODO
1264 1324 1320 1346 fflc
1341 1323 1598 1347 COMMENDETUR
1616 1324 1754 1347 HUMILI-

980 1361 1070 1396 TAs?
1109 1380 1148 1386 —
1193 1359 1257 1395 Hic
1291 1360 1405 1395 habes
1431 1360 1618 1404 quoddam
1649 1360 1755 1395 valde

979 1407 1160 1449 notabile,
1191 1407 1237 1442 ad
1280 1406 1501 1442 humilitatis
1535 1407 1753 1450 custodiam,

978 1456 1072 1490 sicut
1091 1454 1304 1490 Bernartius
1324 1454 1394 1489 hoc
1410 1454 1520 1489 modo
1536 1454 1752 1499 introducit,

978 1503 1136 1538 dicens:
1166 1515 1180 1533 «
1210 1501 1373 1544 Quilibet
1405 1501 1561 1536 Domino
1592 1501 1754 1546 perfecte

977 1550 1142 1585 serviens
1177 1553 1297 1593 potest
1344 1548 1524 1594 appellari
1570 1548 1751 1593 fimbria,

978 1597 1083 1642 quasi
1102 1596 1232 1631 ultima
1254 1606 1338 1640 pars
1360 1594 1567 1630 vestimenti
1589 1595 1750 1640 Domini,

977 1648 1129 1688 propter
1147 1653 1251 1678 suam
1264 1643 1442 1677 humilem
1461 1643 1750 1687 reputationem.

979 1690 1047 1734 Qui
1087 1700 1176 1736 ergo
1210 1691 1256 1725 ad
1280 1693 1426 1725 tantum
1455 1692 1592 1725 statum
1621 1700 1750 1734 perve-

977 1738 1088 1781 nerit,
1111 1737 1211 1783 quod
1231 1738 1323 1772 sciat
1346 1748 1383 1772 se
1411 1748 1430 1771 a
1458 1737 1615 1771 Domino
1637 1747 1749 1772 exau·

979 1785 1049 1820 diri
1075 1786 1112 1819 in
1144 1784 1348 1819 liberandis
1379 1784 1550 1827 infirmis,
1578 1783 1633 1818 vel
1669 1784 1752 1819 aliis

980 1832 1184 1876 miraculis,
1208 1842 1283 1866 non
1305 1831 1504 1866 extollatur
1525 1834 1750 1875 propterea;

979 1880 1066 1924 quia
1092 1889 1167 1914 non
1204 1879 1296 1923 ipse,
1332 1879 1395 1913 sed
1433 1878 1611 1913 Dominus
1646 1877 1745 1913 facit.

980 1927 1156 1969 Quamvis
1178 1927 1277 1962 enim
1306 1925 1386 1960 haec
1423 1924 1558 1960 mulier
1583 1929 1755 1970 tangeret

979 1974 1182 2013 fimbriam,
1212 1973 1259 2008 ad
1291 1974 1397 2019 quus
1426 1976 1565 2007 tactum
1601 1983 1639 2007 se
1665 1971 1754 2007 lihe-

979 2021 1054 2056 rari
1086 2020 1310 2060 confidebat,
1335 2024 1372 2055 et
1404 2020 1457 2055 sic
1485 2019 1654 2064 contigit,
1678 2029 1752 2054 non

978 2072 1103 2103 tamen
1124 2078 1145 2102 a
1171 2067 1336 2111 fimbria,
1360 2068 1424 2102 sed
1451 2077 1472 2102 a
1502 2068 1660 2101 Domino
1682 2066 1753 2100 vir-

977 2119 1036 2150 tus
1068 2113 1303 2150 liberationis
1338 2114 1462 2149 exivit.
1488 2115 1530 2148 Et
1555 2117 1753 2158 propterea

976 2162 1053 2207 ipse
1079 2163 1170 2197 dixit
1192 2173 1200 2196 :
1218 2163 1322 2198 Sensi
1347 2161 1391 2196 de
1409 2171 1464 2195 me
1480 2163 1651 2195 virtutem
1671 2162 1752 2195 emi-

975 2211 1073 2251 isse,·
1096 2213 1184 2243 nota
1214 2209 1328 2253 igitur
1354 2209 1425 2243 hoc
1459 2209 1566 2252 bene,
1592 2211 1628 2243 et
1658 2207 1752 2242 nihil

976 2256 1064 2291 boni
1104 2256 1172 2290 tibi
1218 2256 1257 2290 in
1292 2259 1515 2301 perpetuum
1553 2255 1748 2298 attribuas,

974 2304 1064 2349 quia
1082 2307 1202 2338 totum
1222 2306 1276 2338 est
1295 2313 1317 2337 a
1343 2303 1515 2338 Domino.
1544 2316 1557 2334 »

1021 2366 1040 2397 7
1078 2351 1248 2385 ECCLESIA
1284 2349 1446 2385 GENTmM
1487 2361 1529 2385 ΕΤ
1570 2359 1750 2390 QuAELmET

972 2409 1162 2433 PECCATRIX
1181 2409 1247 2433 PER
1269 2408 1553 2433 nffiuonnnomAm
1586 2406 1745 2432 Annaeo-

971 2456 1048 2480 RICE
1081 2456 1212 2480 Pornsr
1241 2455 1432 2480 INTELLIGI.
1470 2465 1510 2470 ---
1538 2443 1745 2489 Allegorice

972 2492 1108 2527 mulier
1127 2493 1308 2537 sanguine
1322 2493 1454 2536 tluens,
1467 2491 1530 2527 sed
1545 2501 1566 2526 a
1586 2489 1743 2525 Domino

970 2541 1183 2581 eurata,est
1202 2538 1368 2574 Ecclesia
1385 2539 1428 2573 de
1450 2538 1629 2574 Gentibus
1651 2546 1743 2571 con-

969 2590 1138 2632 gregata,
1167 2596 1250 2632 quae
1282 2585 1420 2621 foedata
1450 2585 1519 2620 fuit
1550 2582 1742 2629 sanguinis

968 2636 1175 2679 martyrum
1210 2633 1405 2676 effusione,
1444 2637 1480 2668 et
1518 2630 1741 2667 idololatriae

967 2680 1189 2726 pollutione,
1208 2685 1244 2716 et
1269 2681 1326 2716 his
1346 2690 1429 2725 quae
1451 2679 1574 2715 carnis
1601 2682 1637 2713 et
1656 2687 1743 2711 san-

968 2728 1090 2773 guinis
1110 2731 1294 2774 geruntur
1314 2727 1572 2762 delectatione.
1595 2725 1683 2767 Quae
1705 2726 1741 2758 et

968 2774 1158 2810 fimbriam
1191 2775 1403 2810 vestimenti
1438 2773 1573 2809 Christi
1600 2770 1737 2821 tetigit,

967 2822 1117 2867 quando
1147 2821 1261 2857 fidem
1293 2820 1565 2857 Incarnationis
1598 2817 1737 2853 Christi
