1894 3186
478 193 535 226 DE
577 192 735 226 SCRIBA
774 190 941 225 DOLOSO
980 190 1029 223 ET
1068 189 1238 222 DUOBUS
1277 191 1408 223 litiis.
1737 192 1755 223 7

124 271 168 307 de
190 280 327 316 genere
347 280 428 314 suo,
445 271 481 305 et
498 268 703 313 allegantes
722 269 819 314 quod
843 271 897 304 est

123 318 161 353 in
185 328 227 353 eo
256 318 498 363 przecipuum‚
519 326 590 351 non
612 316 719 350 habet
736 314 893 351 domici-

118 365 208 401 lium
227 365 434 410 proprium,
453 364 517 399 ubi
536 366 645 407 capnt
665 374 770 399 suum
790 364 893 398 recli-

119 415 190 455 net,
219 412 264 446 ad
299 411 542 456 pausandum.
578 410 686 452 Quasi
721 411 889 445 diceret:

118 460 234 495 Bruta
255 459 395 494 habent
415 469 481 494 sua
496 456 651 493 latibula
672 461 708 492 et
728 458 809 493 loca
830 457 892 491 uhi

118 508 273 552 possunt
294 506 409 541 latere
432 510 467 541 et
493 505 684 551 quiescere
703 516 711 549 ;
739 516 806 551 ego
827 515 892 539 au-

118 556 194 588 tem
230 563 310 588 sum
346 554 396 589 ita
428 563 570 598 pauper
596 552 694 597 quod
725 563 797 587 non
827 553 892 587 ha-

120 599 190 635 beo
218 599 457 645 hospitiolum
484 600 690 646 proprium,
720 600 782 634 uhi
807 609 890 644 per-

118 646 289 692 cipiendo
317 648 480 693 quietem
504 650 614 692 caput
636 646 828 687 reclinem,
857 649 893 680 et

121 693 204 729 ideo
225 693 363 730 frustra
390 695 492 730 venis
513 695 559 730 ad
585 704 643 729 me
664 697 816 739 propter
836 693 891 728 lu-

118 750 223 776 crum
238 743 457 786 temporale.
478 740 581 778 Unde
598 742 891 785 Chrysostomus:

119 800 137 821 (i
158 788 288 833 Aspice
310 788 471 833 qualiter
489 792 760 834 paupertatem,
781 798 892 833 quam

119 835 299 870 Dominus
320 837 510 879 docuerat,
528 847 594 881 per
609 846 722 880 opera
741 836 894 870 demon-

121 885 239 918 strat:
276 893 351 919 non
379 887 459 919 erat
485 884 517 918 ei
541 893 683 925 mensa,
709 893 783 917 non
806 892 893 916 can-

119 928 329 974 delabrum,
372 941 440 966 nec
487 931 634 973 domus,
678 940 746 964 nec
787 929 894 974 quid-

119 985 231 1020 quam
262 978 392 1013 talium
417 992 424 1013 :
446 991 462 1010 »
497 978 577 1012 haec
609 978 893 1020 chrysostomus,

120 1023 367 1068 Hospitiolum
398 1024 547 1070 quidem
574 1024 706 1059 hahuit
733 1022 897 1068 Virginis

119 1072 290 1121 uterum3
311 1071 590 1106 reclinatorium
608 1070 752 1113 hahuit,
765 1080 898 1114 priese-

118 1125 221 1160 pium
243 1127 317 1152 non
336 1119 544 1163 proprium,
562 1120 598 1152 et
617 1117 737 1152 crucis
754 1116 899 1161 patibu-

118 1162 214 1214 lu·m;
228 1164 467 1209 sepulchrum
481 1165 624 1206 habuit,
639 1164 701 1198 scd
715 1164 895 1199 alienum.

118 1209 185 1244 Hic
215 1221 303 1256 ergo
330 1215 543 1246 removetur
569 1210 750 1255 cupiditas
775 1213 895 1244 terre-

119 1266 257 1292 norum
283 1267 304 1292 a
328 1258 539 1293 volentibus
558 1258 662 1302 sequi
693 1257 894 1292 Christum.

121 1302 258 1340 Audita
274 1308 399 1340 autem
421 1305 556 1341 Christi
573 1307 805 1349 paupertate,
822 1314 895 1338 non

119 1350 253 1402 institit
273 1351 447 1396 amplius,
466 1356 505 1387 ut
531 1354 764 1397 sequeretur.
792 1351 896 1386 Unde

122 1397 223 1433 idem
259 1399 530 1443 chrysostomus
561 1410 569 1435 ε
601 1411 618 1432 «
646 1399 727 1433 Non
771 1402 896 1433 autem

122 1446 338 1490 respondet,
363 1456 497 1491 sequar
517 1448 553 1481 te
581 1455 799 1490 pauperem,
826 1445 897 1479 hoc

119 1491 220 1527 enim
238 1494 415 1528 Dominus
428 1493 586 1529 forsitan
602 1493 858 1527 concessisset.
878 1504 896 1524 >>

120 1539 186 1574 Hic
200 1549 266 1584 per
280 1541 419 1585 vulpes,
440 1540 613 1575 dolositas
631 1543 668 1574 et
684 1538 871 1573 simulatio
887 1550 895 1582 3

121 1595 188 1630 per
207 1588 380 1627 volucres,
399 1586 714 1631 inanisjactantia
734 1589 770 1620 et
785 1585 896 1619 elatio

121 1632 329 1679 signentur.
371 1632 481 1676 Quasi
512 1633 653 1668 diceret
688 1632 896 1667 Dominus:

122 1679 305 1716 Dolositas
321 1684 357 1715 et
376 1680 485 1716 elatio
503 1680 620 1716 latent
636 1680 672 1714 in
690 1680 801 1714 corde
818 1682 896 1723 tuo,

122 1728 210 1772 quia
250 1727 391 1762 scilicet
436 1737 548 1762 causa
595 1726 810 1771 cupiditatis
860 1729 898 1760 et

120 1784 227 1809 vanae
259 1774 388 1820 gloriae
421 1773 472 1809 vis
504 1784 564 1809 me
596 1774 699 1818 sequi
722 1787 729 1815 3
756 1777 792 1807 et
816 1772 898 1807 ideo

122 1823 159 1856 te
177 1820 215 1856 in
238 1822 457 1856 societatem
479 1831 601 1857 meam
629 1831 703 1855 non
724 1820 865 1864 recipio
888 1834 894 1854 :

123 1868 211 1913 quia
241 1869 358 1903 Filius
390 1869 546 1903 hominis
580 1867 736 1912 simplex
767 1870 900 1901 contra

124 1914 374 1959 dolositatem,
412 1914 562 1951 humilis
596 1918 728 1949 contra
766 1923 897 1957 super-

123 1961 239 2005 biam,
273 1972 343 1997 non
371 1963 476 1997 habet
507 1962 545 1996 in
565 1965 601 1996 te
629 1961 692 1995 ubi
713 1963 821 2005 caput
841 1970 898 1994 re<

124 2009 245 2045 clinet.
277 2009 396 2053 Caput
424 2009 523 2043 enim
546 2007 681 2044 Christi
714 2008 810 2041 Deus
832 2010 898 2051 est,

125 2056 221 2090 Deus
239 2059 364 2090 autem
386 2056 531 2091 habitat
551 2055 588 2089 in
609 2053 739 2089 humili
760 2057 796 2088 et
816 2054 902 2088 sim-

124 2102 211 2147 plici
244 2106 280 2137 et
312 2105 496 2137 tremente
529 2111 720 2136 sermones
743 2100 834 2146 ejus,
866 2104 901 2134 et

124 2149 204 2194 ipsa
236 2149 431 2184 reclinatio
466 2149 611 2194 capitis,
648 2158 720 2182 non
758 2147 899 2182 erectio

123 2196 344 2232 humilitatis
378 2196 557 2242 magistra
583 2199 648 2237 est,
673 2204 755 2240 quae
777 2195 812 2228 in
838 2194 900 2228 illo

123 2243 248 2278 locum
265 2253 340 2278 non
360 2244 511 2279 habent.
530 2243 571 2277 In
587 2242 707 2277 trihus
727 2251 815 2287 ergo
834 2241 900 2275 iste

124 2291 415 2336 reprehenditur
456 2301 477 2325 a
517 2289 690 2334 Domino,
730 2289 898 2323 scilicet:

126 2337 164 2372 in
184 2337 393 2382 dolositate,
413 2338 500 2383 quia
514 2336 601 2371 ficto
622 2337 747 2372 animo
769 2339 805 2370 et
827 2345 900 2369 non

128 2384 285 2429 simplici
318 2385 422 2429 sequi
443 2384 613 2426 volebat3
642 2387 679 2418 et
699 2383 736 2417 in
758 2382 900 2427 cupidi-

127 2434 216 2475 tate,
240 2430 327 2476 quia
344 2441 429 2466 eum
456 2442 520 2476 pro
540 2434 681 2476 quaestu
708 2431 812 2475 sequi
841 2430 899 2463 in-

127 2478 329 2522 tendebat;
352 2479 439 2513 etin
456 2478 632 2521 elatione,
647 2477 734 2522 quia
749 2480 901 2522 propter

128 2525 280 2560 inanem
311 2525 468 2570 gloriam
499 2525 532 2560 ei
559 2525 752 2559 adlieerere
777 2523 900 2567 cupie-

125 2571 217 2608 bat:
254 2573 348 2607 sicut
380 2573 507 2617 vulpes
534 2576 588 2606 est
617 2570 757 2606 animal
776 2570 901 2615 fallax,

127 2618 271 2655 insidiis
292 2620 491 2664 intentum,
513 2621 548 2654 et
563 2619 701 2663 rapinis
722 2616 874 2663 plenum
893 2628 901 2661 ;

128 2665 206 2701 avis
236 2676 324 2701 vero
352 2667 428 2701 alta
458 2670 590 2711 petens
625 2670 661 2700 et
697 2664 903 2700 ascendens

127 2723 289 2756 sursum.
324 2714 390 2748 Hic
417 2723 504 2759 ergo
533 2713 639 2758 sequi
659 2712 807 2747 volebat
828 2712 904 2745 Ma-

129 2760 299 2805 gistrum,
335 2770 411 2795 non
453 2762 493 2794 ut
530 2760 689 2795 virtutes
729 2758 903 2800 disceret,

132 2816 208 2842 non
238 2811 278 2842 ut
304 2810 563 2853 paupertatem
590 2811 626 2843 et
656 2806 907 2842 humilitatem

981 262 1145 304 Magistri
1163 261 1385 304 imitaretur,
1397 261 1460 297 sed
1475 266 1514 297 ut
1529 261 1635 296 fictus
1648 261 1756 297 disci-

976 309 1083 353 pulus
1099 308 1300 353 deciperet,
1313 312 1350 342 et
1365 309 1430 342 suh
1445 309 1618 352 Magistro
1633 308 1754 343 humi-

973 356 1087 391 litatis
1111 360 1146 391 et
1169 355 1411 400 paupertatis,
1430 356 1615 390 honorum
1635 356 1753 401 digni-

973 406 1067 438 tates
1086 403 1246 438 ambiret
1267 406 1303 437 et
1322 402 1467 436 divitias
1489 407 1749 446 eiiiiuregaret.

1020 454 1039 485 5
1063 451 1129 493 Qui
1157 461 1233 485 siNT
1261 460 1341 484 IIUlC
1369 450 1502 485 Seniue
1525 448 1688 485 sinim-is?
1706 469 1752 475 —-

972 498 1016 532 Et
1049 498 1147 533 hunc
1185 497 1371 532 ambitiosi
1407 500 1442 531 et
1479 496 1672 530 simoniaci
1713 497 1749 531 in

971 544 1135 580 Ecclesia
1166 545 1375 587 imitantur,
1411 542 1473 588 qui
1517 542 1672 586 cupiunt
1703 543 1750 577 ad

972 591 1048 627 alta
1064 592 1236 635 subvehi,
1254 593 1451 636 quaerentes
1473 601 1550 635 quac
1568 600 1634 623 suu
1651 592 1749 629 sunt,

971 649 1041 673 non
1076 650 1156 684 quae
1177 641 1260 674 Jesu
1292 639 1444 677 Christi,
1469 648 1543 672 non
1577 641 1616 671 ut
1637 636 1749 670 mini—

969 689 1102 732 strent,
1128 687 1191 722 sed
1223 690 1261 721 ut
1288 686 1563 728 ministrentur,
1598 687 1634 717 et
1666 682 1749 717 ideo

971 733 1072 778 vulpi
1103 734 1253 778 doloste,
1291 737 1326 767 et
1355 732 1495 767 volanti
1527 730 1585 766 avi
1617 730 1751 764 merito

972 786 1250 827 comparantur.
1276 781 1345 815 Per
1367 781 1466 815 hunc
1494 779 1606 813 etiam
1634 777 1750 821 signi-

973 826 1134 863 ficantur
1168 831 1380 875 quaerentes
1417 828 1557 861 intrare
1595 824 1751 869 religio-

972 885 1074 917 nem,
1111 876 1165 911 vel
1202 874 1473 910 monasterium
1510 872 1658 907 divitias
1685 871 1750 906 ha-

973 921 1156 967 bentium,
1176 933 1251 957 non
1269 933 1311 956 ex
1331 921 1545 963 devotione,
1568 919 1633 954 sed
1652 922 1691 952 ut
1709 928 1752 952 ex

973 970 1199 1013 pauperihus
1221 969 1367 1011 divites,
1397 972 1433 1003 et
1459 977 1502 1002 ex
1525 964 1751 1009 contempti-

974 1016 1111 1051 bilibus
1150 1016 1325 1050 honorati
1362 1015 1468 1049 liant.
1498 1014 1584 1048 Ideo
1615 1012 1752 1046 talibus

975 1062 1114 1097 dicitur
1135 1074 1142 1098 :
1166 1063 1303 1107 Vulpes
1319 1063 1444 1105 foveas
1468 1061 1612 1102 habent,
1636 1062 1669 1093 et
1688 1069 1753 1093 ro-

978 1110 1093 1144 tucres
1129 1110 1208 1144 oceli
1241 1110 1360 1149 nidos,
1401 1108 1436 1141 id
1473 1111 1527 1141 est
1562 1107 1753 1141 ammones

975 1156 1095 1191 dolosi
1129 1160 1165 1191 et
1210 1155 1360 1200 superbi
1401 1154 1542 1189 liabent
1577 1152 1615 1187 in
1647 1152 1753 1186 vohis

974 1203 1244 1246 habitaculum,
1262 1203 1326 1237 sed
1342 1212 1418 1236 non
1430 1200 1610 1236 Christus.
1629 1201 1755 1233 Potest

975 1250 1129 1295 insuper
1155 1249 1241 1292 dici,
1270 1249 1369 1294 quod
1390 1249 1516 1292 vzctpes
1537 1248 1662 1290 foveas
1685 1246 1754 1279 ha-

976 1296 1069 1342 bent,
1088 1298 1124 1332 id
1137 1301 1191 1332 est
1211 1296 1329 1331 dolosi
1351 1296 1492 1331 hahent
1507 1294 1685 1337 cautelas,
1706 1292 1753 1327 ad

975 1354 1066 1388 quas
1098 1344 1304 1389 refugiunt,
1334 1354 1378 1377 ne
1408 1343 1443 1376 in
1465 1342 1539 1376 suis
1559 1341 1756 1385 capiantur

975 1391 1156 1436 in'alitiisg
1196 1394 1228 1426 et
1263 1391 1426 1424 volucres
1456 1390 1533 1424 coelc'
1565 1388 1684 1429 nidos,
1717 1386 1754 1421 id

975 1442 1029 1472 est
1050 1439 1199 1483 superbi
1219 1441 1393 1483 quaerunt
1420 1435 1557 1471 elevari
1580 1436 1616 1469 in
1636 1434 1722 1469 altis
1743 1444 1751 1476 ς

974 1486 1092 1520 Filius
1123 1488 1243 1520 autem
1271 1486 1427 1519 hominis
1444 1494 1515 1518 non
1543 1482 1662 1524 habet,
1691 1480 1756 1514 ubi

975 1535 1084 1577 caput
1103 1542 1208 1567 suum
1227 1533 1390 1574 rectinet,
1414 1531 1451 1565 in
1472 1530 1621 1573 talibus,
1642 1527 1677 1562 id
1700 1530 1755 1562 est

974 1578 1035 1614 ille
1064 1579 1128 1624 qui
1150 1578 1353 1614 secundum
1381 1578 1569 1612 dictamen
1596 1573 1755 1610 rationis

975 1627 1076 1669 vivit,
1106 1627 1196 1661 talia
1218 1636 1293 1660 non
1315 1623 1461 1669 quaerit.
1487 1625 1531 1658 Ut
1551 1632 1640 1667 ergo
1663 1620 1755 1655 dicit

977 1674 1267 1718 Chrysostomus:
1284 1673 1437 1706 «Scriba
1450 1669 1522 1713 hic,
1541 1679 1616 1703 non
1629 1667 1756 1702 animo

975 1720 1165 1763 credendi,
1185 1720 1247 1754 sed
1268 1719 1443 1753 simulata
1456 1720 1580 1751 mente
1600 1713 1755 1750 accessit

974 1767 1021 1801 ad
1055 1765 1269 1807 Dominum,
1307 1765 1403 1799 unde
1438 1763 1628 1807 inspector
1667 1771 1752 1796 cor-

975 1814 1078 1848 dium
1107 1817 1142 1848 et
1171 1816 1400 1848 secretorum
1435 1810 1607 1855 cognitor
1640 1809 1755 1850 Deus,

974 1863 1183 1895 tentantem
1216 1870 1255 1895 se
1288 1859 1423 1903 potius,
1456 1866 1568 1902 quam
1596 1865 1683 1890 vere
1712 1865 1755 1889 ac

976 1908 1138 1943 fideliter
1158 1907 1262 1952 sequi
1287 1906 1489 1948 volentem,
1522 1914 1597 1938 non
1626 1903 1756 1936 imme-

976 1955 1046 1989 rito
1074 1955 1262 1990 refutavit.
1294 1966 1310 1986 »
1338 1954 1443 1996 Nam,
1470 1955 1509 1985 ut
1543 1951 1595 1985 ait
1624 1950 1753 1992 Augu-

975 2004 1094 2036 stinus
1114 2013 1122 2037 :
1159 2015 1176 2034 α
1199 2001 1357 2036 Videbat
1379 2009 1464 2034 eum
1490 1998 1617 2032 dolosa
1639 1997 1754 2030 simu-

976 2049 1115 2084 latione
1149 2048 1407 2089 tenehrosum,
1439 2049 1475 2080 et
1507 2049 1660 2079 ventosa
1685 2043 1757 2077 ela-

978 2096 1078 2130 tione
1111 2096 1311 2141 jactatum,
1349 2103 1424 2127 non
1460 2094 1600 2127 hahere
1632 2090 1756 2124 locum

978 2142 1211 2184 humilitatis,
1249 2142 1308 2175 ubi
1345 2140 1537 2174 doctorem
1576 2148 1614 2171 se
1655 2137 1761 2171 incli-

979 2193 1130 2225 nantem
1152 2188 1338 2233 exciperet
1355 2197 1363 2221 ;
1381 2186 1467 2231 quia
1482 2186 1518 2219 in
1535 2184 1754 2228 discipulatu

979 2237 1115 2272 Christi
1143 2245 1219 2270 non
1246 2234 1343 2268 illius
1363 2233 1538 2279 gratiam,
1563 2233 1626 2266 sed
1651 2241 1756 2265 suam

978 2285 1138 2329 gloriam
1162 2281 1391 2327 requirebat.
1415 2287 1439 2313 ff

1025 2334 1045 2374 [4
1067 2332 1116 2365 DE
1150 2330 1388 2372 ALTERQ‘QUI
1422 2337 1612 2365 ANTEQUAM
1647 2325 1756 2360 Cuni-

980 2390 1068 2414 sTuu
1109 2387 1305 2421 seouissun,
1350 2386 1487 2410 PATREM
1524 2384 1614 2408 vum*
1659 2383 1761 2406 seri:-

978 2437 1057 2460 ΗΒΕ
1082 2436 1090 2469 ;
1115 2437 1156 2459 ET
1190 2435 1292 2459 cuius
1324 2434 1375 2457 s1T
1412 2421 1572 2456 riuum?
1595 2439 1641 2444 -
1662 2419 1760 2453 Dixit

978 2477 1102 2508 autem
1122 2471 1304 2507 Dominus
1331 2470 1454 2512 alteri,
1483 2469 1588 2513 cujus
1611 2472 1757 2511 patrem

974 2521 1053 2566 J'am
1079 2522 1268 2554 mortuum
1300 2517 1471 2552 sciebat:
1506 2516 1661 2559 Sequere
1687 2522 1755 2547 me.

980 2566 1048 2610 Qui
1068 2565 1263 2610 respondit
1284 2579 1291 2600 :
1315 2565 1477 2607 Domine,
1500 2563 1600 2607 quod
1623 2564 1677 2595 est
1696 2569 1758 2594 re-

980 2614 1173 2658 verentiae‚
1192 2613 1364 2658 permitte
1384 2620 1452 2653 me,
1472 2609 1572 2655 quod
1593 2611 1648 2642 est
1672 2606 1760 2658 ohe-

982 2661 1146 2705 dientiae‚
1193 2658 1281 2704 quia
1327 2658 1372 2693 de
1424 2655 1614 2700 discipulis
1668 2663 1758 2695 suis,

981 2709 1122 2743 scilicet
1152 2706 1286 2741 futuris
1313 2705 1464 2749 dicitur,
1500 2702 1568 2737 etsi
1589 2700 1757 2736 nondum

983 2758 1077 2799 erat,
1103 2756 1265 2800 primum
1291 2754 1357 2797 ire,
1387 2755 1419 2786 et
1446 2751 1596 2795 sepelire
1617 2750 1759 2793 patrem

983 2813 1114 2846 meum,
1142 2800 1242 2847 quod
1270 2803 1324 2835 est
1350 2809 1442 2844 opus
1478 2793 1757 2832 misericordiae.
