1894 3186
266 198 316 231 DE
356 196 562 237 QUATUOR
600 197 653 230 AD
692 196 876 230 Tunius,
915 196 966 230 ET
1002 194 1166 228 TRIBUS
1204 194 1260 228 AD
1297 195 1457 230 DISCIP.
1496 194 1656 229 PARAB.
1733 195 1788 228 149

157 268 278 304 dietus
298 271 335 304 et
355 267 417 304 alii
435 270 635 312 sequentes
652 277 739 302 eum
759 266 796 302 in
817 267 936 303 diver-

156 315 208 351 sis
236 315 395 351 statibus
422 317 459 350 et
485 313 662 359 gradibus
693 314 934 359 religionum.

158 365 202 398 Et
224 363 293 398 iste
315 365 433 398 status
455 362 639 407 figuratur
665 372 731 407 per
750 361 933 407 margari-

157 414 247 455 tam,
271 420 352 456 quae
372 409 559 444 invenitur
578 409 616 444 in
636 409 828 444 conchiliis
856 420 934 445 ma-

158 457 224 501 ris,
248 457 335 503 quia
353 455 484 502 religio
509 456 686 491 fundatur
709 460 746 491 et
768 456 935 492 nutritur

158 504 196 540 in
236 506 393 540 humore
432 502 656 539 devotionis.
698 505 771 539 Ista
808 507 934 539 autem

157 551 364 597 margarita
407 550 546 586 dicitur
579 561 653 586 una
687 553 724 586 et
751 550 931 597 pretiosa.

157 600 252 643 Una,
274 598 361 643 qula
381 598 574 634 hominem
597 597 699 641 unit;
723 598 844 634 activa
865 610 932 634 au-

156 650 232 682 tem
253 646 329 681 vita
343 645 464 691 magis
480 644 625 690 dividit,
640 648 676 680 et
691 649 843 691 propter
863 647 933 681 hoc

156 693 294 729 dicitur
315 694 415 738 quod
433 693 579 728 Martha
594 696 674 728 erat
696 692 795 728 circa
816 695 934 729 multa

159 744 355 787 occupata,
378 739 495 776 Maria
512 750 600 775 vero
623 739 720 775 circa
742 751 857 776 unum
882 740 934 775 in-

159 791 272 823 tenta.
304 787 446 823 Dicitur
481 786 595 822 etiam
635 787 810 833 pretiosa,
845 787 933 833 quia

153 835 229 870 vita
250 833 542 880 contemplativa
562 833 785 880 simpliciter
809 838 845 870 et
866 836 931 870 ab-

155 883 276 918 solute
300 881 434 917 melior
454 885 510 917 est
537 892 649 927 quam
682 882 817 924 activa,
846 881 932 917 licet

152 930 192 964 in
212 940 301 965 casu
322 928 444 965 activa
475 928 522 965 sit
558 929 677 974 magis
711 929 928 973 fructifera,

153 980 308 1022 propter
326 977 423 1022 quod
443 976 599 1011 dicitur:
617 978 739 1012 Μανία
756 979 931 1022 optimam

150 1028 293 1069 partem
319 1026 440 1067 eteqz‘t.
459 1023 650 1068 Assimilat
669 1034 758 1069 ergo
781 1035 931 1068 requam

152 1073 331 1111 coelorum,
350 1071 386 1106 id
398 1075 453 1106 est
471 1074 695 1117 praesentem
711 1071 929 1115 Ecclesiam,

154 1119 291 1154 homini
312 1120 544 1162 neyotiacorz',
568 1117 655 1163 quia
691 1118 785 1154 sicut
817 1119 929 1154 homo

153 1165 214 1201 ille
241 1165 350 1201 unius
382 1165 603 1210 'margaritae
640 1165 826 1201 desiderio
848 1176 930 1201 om-

154 1212 217 1248 nia
236 1212 378 1256 vendit,
400 1216 437 1248 et
464 1212 553 1248 emit
574 1223 679 1256 eam3
714 1212 766 1248 sic
786 1216 823 1248 et
842 1213 927 1256 ista,

152 1261 300 1295 inventa
320 1271 394 1295 una
413 1262 572 1305 pretiosa
595 1262 813 1304 marqarita,
835 1260 931 1295 scili-

157 1310 215 1342 cet
260 1307 459 1343 dulcedine
495 1307 577 1342 vitze
615 1307 928 1353 contemplativae,

151 1354 268 1397 vadit,
292 1354 339 1389 ad
362 1354 485 1389 forum
507 1353 759 1399 spiritualium
786 1365 928 1391 merca-

154 1400 313 1437 tionum.
336 1405 368 1436 61
394 1401 518 1436 vendit
538 1403 660 1436 omnia
692 1413 771 1446 quae
803 1403 926 1443 habet,

152 1458 220 1494 per
240 1451 495 1494 contemptum
516 1450 767 1492 terrenorum,
791 1452 824 1484 et
843 1451 929 1484 emit

149 1506 240 1540 eam,
256 1506 323 1541 per
338 1499 513 1531 conatum
526 1498 563 1531 et
575 1494 805 1531 desiderium
824 1499 928 1532 aeter-

148 1553 294 1578 norum.
327 1563 372 1569 —
406 1542 607 1586 Moraliter,
641 1542 679 1578 in
714 1543 784 1578 hac
815 1554 927 1589 para-

150 1590 238 1625 bola
251 1593 511 1635 proponuntur
526 1589 634 1625 nobis
645 1589 717 1625 tria
730 1589 927 1635 imitanda,

150 1636 289 1672 scilicet
308 1648 315 1671 :
333 1637 497 1672 officium
510 1637 746 1681 Sanctorum,
764 1638 928 1673 studium

148 1694 310 1728 morum,
333 1683 559 1719 desiderium
581 1687 823 1720 aeternorum.
839 1686 927 1721 Offi-

154 1731 253 1767 cium
279 1735 446 1774 notatur,
485 1730 524 1766 in
565 1731 816 1776 negotiand03
856 1737 929 1769 stu-

150 1778 268 1823 dium,
302 1777 339 1813 111
361 1778 587 1824 quaerendo3
618 1778 862 1823 desiderium,
890 1780 927 1815 in

149 1826 351 1872 operando.
376 1825 488 1869 Felix,
518 1825 579 1871 qui
607 1826 710 1861 novit
744 1828 928 1873 negotiari

152 1872 412 1919 spiritualiter,
434 1872 510 1908 sive
531 1878 713 1918 quantum
727 1874 774 1909 ad
790 1877 927 1910 statum

149 1920 322 1964 actionis,
365 1920 542 1965 operibus
572 1920 842 1957 misericordiae
869 1922 925 1958 in-

148 1967 364 2012 tendendo;
388 1967 465 2003 sive
501 1971 684 2012 quantum
710 1968 757 2003 ad
790 1972 928 2005 statum

147 2014 400 2059 perfectionis,
436 2025 504 2060 pro
529 2015 675 2050 Christo
710 2015 838 2051 omnia
868 2028 926 2053 re-

149 2061 367 2107 linquendo,
401 2060 477 2097 sive
510 2067 691 2107 quantum
718 2063 765 2098 ad
791 2066 928 2100 statum

150 2108 507 2156 supererogationis,
535 2120 601 2155 per
620 2109 928 2155 praedicationem

148 2156 293 2191 animas
317 2158 389 2192 Deo
415 2156 681 2192 lucrificando!
710 2158 815 2199 Item,
843 2159 928 2195 felix

150 2203 378 2248 negotiator,
407 2203 470 2248 qui
510 2203 613 2239 novit
651 2214 819 2249 quaerere
851 2217 927 2242 non

148 2250 292 2294 nociva,
305 2250 400 2285 sicut
412 2250 553 2286 faciunt
562 2251 751 2287 ambitiosi
767 2263 774 2295 ;
788 2263 863 2288 non
876 2253 928 2290 in-

147 2296 266 2341 utilia,
285 2297 379 2333 sicut
399 2297 553 2341 curiosi;
575 2298 641 2334 sed
662 2299 837 2342 salubria,
862 2302 928 2338 sic-

146 2348 187 2379 ut
208 2344 351 2380 Sancti!
370 2346 474 2389 Item,
492 2345 577 2380 felix
592 2345 669 2391 qui,
687 2345 849 2382 inventis
866 2350 929 2386 bo-

146 2390 205 2426 nis
225 2391 424 2435 mercibus,
447 2392 541 2428 bene
564 2392 667 2428 novit
689 2393 842 2438 lucrari,
865 2397 927 2443 qui

147 2437 287 2474 scilicet
303 2439 396 2474 abitt
416 2449 438 2474 a
457 2450 509 2483 se,
532 2450 598 2485 per
618 2440 742 2476 carnis
763 2445 924 2481 mortifi-

147 2484 334 2520 cationem
355 2497 363 2529 ;
382 2487 547 2522 vendidit
568 2491 709 2523 terram
724 2499 791 2534 pro
815 2494 923 2538 coelo,

149 2542 218 2578 per
247 2532 417 2568 omnium
454 2534 851 2584 abrenuntiationem;
893 2547 924 2577 ec

148 2582 373 2625 comparavit
399 2592 488 2623 eam,
514 2592 580 2627 per
605 2582 770 2628 propriae
791 2588 922 2624 volun-

149 2625 237 2662 tatis
259 2627 547 2672 subjectionem!

200 2677 239 2709 16
274 2675 465 2711 PARABOLA
499 2688 543 2711 DE
579 2688 716 2712 sAGnNA
742 2687 844 2712 mssA
888 2687 923 2711 IN

150 2731 256 2763 man,
280 2733 315 2757 IN
352 2733 420 2762 QUA
442 2735 604 2759 PRAESENS
641 2726 818 2759 ECCLEsnE
839 2735 921 2758 STA-

151 2777 214 2802 Tus
235 2779 531 2805 Dascfflssirun.-—
551 2772 596 2806 Et
613 2771 701 2816 quia
716 2771 786 2807 iste
805 2773 921 2807 status

150 2812 354 2851 duraturus
366 2821 422 2852 est
436 2828 555 2863 usque
572 2818 621 2855 ad
641 2818 757 2855 finem
774 2817 920 2863 mundi,

1010 265 1094 302 ideo
1116 277 1189 301 nou
1223 265 1374 311 ponitur
1393 266 1467 302 alia
1487 265 1668 312 parabola
1702 268 1789 312 post

1010 313 1134 354 istam,
1174 312 1245 348 nisi
1292 312 1355 348 illa
1386 324 1469 358 quae
1509 314 1623 349 finem
1655 312 1787 349 mundi

1008 360 1208 406 significat,
1230 371 1314 405 quse
1335 365 1391 395 est
1410 361 1455 396 de
1478 360 1665 406 sagenain
1683 371 1788 397 mare

1010 408 1137 443 missa.
1163 407 1279 453 Igitur
1302 407 1389 453 quia
1409 409 1475 444 sub
1496 408 1677 453 parabola
1703 409 1786 444 the-

1009 455 1112 491 sauri
1135 458 1170 491 et
1204 454 1417 500 margarita}
1457 455 1600 491 induxit
1634 466 1701 491 nos
1738 455 1787 492 ad

1008 508 1161 539 aeternae
1183 501 1428 539 beatitudinis
1449 513 1637 547 amorem,
1658 513 1790 539 conse·

1008 554 1167 595 quenter
1188 551 1258 586 sub
1284 549 1467 595 parabola
1487 560 1657 594 sagenae‚
1681 550 1792 586 indu-

1008 597 1058 633 cit
1082 608 1150 633 nos
1172 597 1209 632 in
1249 597 1440 641 timorem,
1464 600 1504 632 ut
1528 597 1632 632 mala
1661 607 1794 634 cavea-

1008 656 1092 680 mus
1111 650 1147 681 et
1161 646 1261 681 bona
1280 643 1793 691 sectemu1·.Assimilatergo

1006 704 1157 736 reymcm
1188 693 1368 730 coelorum.
1391 702 1459 738 per
1479 691 1580 737 quod
1602 690 1661 726 hic
1688 694 1792 728 notat

1007 743 1234 785 praesentem
1272 740 1490 782 Ecclesiam,
1526 749 1679 782 seqenae,
1703 738 1791 784 quia

1007 786 1256 832 piscatoribus
1299 790 1356 822 est
1394 786 1608 829 commissa,
1651 789 1686 821 et
1722 796 1789 832 per

1007 844 1091 869 eam
1112 836 1270 880 quisque
1288 834 1335 869 ad
1356 837 1537 869 aetemum
1562 843 1721 879 regnum
1741 833 1788 870 de

1006 881 1205 926 praesentis
1227 881 1340 917 seculi
1362 880 1537 916 fluctibus
1552 880 1726 921 trahitur,
1740 890 1788 917 ne

1007 933 1157 964 {eternae
1192 928 1322 964 mortis
1351 927 1538 974 profundo
1578 931 1785 973 mergatur,

1006 977 1125 1010 misse]
1160 978 1198 1011 in
1233 986 1344 1016 mare,
1372 974 1410 1010 id
1431 978 1487 1010 est
1522 974 1562 1009 in
1585 974 1785 1017 mundum,

1006 1022 1069 1068 qui
1092 1022 1230 1059 dicitur
1257 1033 1360 1058 mare
1381 1025 1536 1068 propter
1557 1021 1786 1068 magnitudi-

1006 1080 1091 1105 nem
1114 1074 1150 1105 et
1171 1073 1325 1116 propter
1345 1069 1657 1112 amaritudinem;
1682 1073 1715 1104 et
1741 1080 1786 1105 esc

1005 1119 1102 1152 omni
1119 1128 1245 1161 genere
1260 1119 1430 1163 piscium,
1445 1116 1481 1152 id
1502 1120 1557 1151 est
1575 1117 1785 1161 hominum,

1005 1167 1253 1208 conareqcmti,
1283 1163 1424 1199 scilicet
1444 1164 1632 1200 bonorum
1657 1167 1693 1199 et
1712 1174 1788 1200 ma-

1005 1211 1143 1254 lorum,
1170 1211 1261 1257 quia
1290 1210 1406 1247 missa
1448 1210 1485 1246 in
1524 1211 1634 1256 hujus
1673 1210 1789 1247 seculi

1004 1258 1196 1302 fluctibus,
1226 1259 1369 1295 nullum
1388 1257 1546 1304 respuit,
1572 1258 1637 1293 sed
1667 1258 1788 1294 malos

1003 1315 1086 1341 cum
1109 1306 1218 1342 bonis
1253 1305 1365 1351 capit,
1405 1308 1441 1340 et
1482 1304 1605 1341 omnis
1637 1305 1787 1351 generis

1003 1352 1178 1389 homines
1215 1354 1261 1389 ad
1300 1352 1447 1389 veniam
1486 1356 1607 1388 vocat.
1655 1353 1785 1399 Quam,

1003 1412 1081 1436 cum
1117 1403 1269 1446 impleta
1290 1404 1392 1445 esset,
1414 1400 1514 1446 quod
1536 1399 1607 1435 erit
1643 1399 1682 1434 in
1711 1400 1787 1437 fine

1003 1448 1132 1491 seculi,
1157 1448 1306 1493 quando
1331 1447 1483 1483 humani
1513 1446 1662 1492 generis
1680 1457 1783 1483 sum-

1002 1506 1064 1531 ma
1093 1495 1350 1539 concludetur,
1373 1498 1409 1529 et
1435 1505 1618 1530 numerus
1644 1494 1782 1530 electo-

1001 1554 1083 1579 rum
1100 1542 1332 1587 implebitur,
1352 1542 1551 1581 educentes,
1574 1540 1717 1576 scilicet
1735 1541 1782 1578 de

1002 1592 1110 1635 mari,
1137 1594 1174 1625 et
1206 1590 1252 1624 de
1283 1588 1458 1624 fluctibus
1491 1587 1575 1623 vitae
1599 1589 1719 1634 liujus,
1744 1591 1781 1625 et

1001 1640 1196 1674 trahentes
1247 1636 1294 1671 ad
1331 1636 1434 1671 littus
1468 1635 1554 1670 vitae
1589 1635 1777 1671 alterius:

1002 1686 1102 1730 quia,
1125 1683 1330 1721 secundum
1356 1684 1532 1726 Glossam,
1554 1682 1648 1718 sicut
1675 1693 1780 1719 mare

1002 1734 1186 1775 seculum,
1227 1730 1279 1766 ita
1315 1730 1417 1765 littus
1455 1729 1570 1765 maris
1603 1732 1660 1765 est
1693 1730 1781 1766 finis

1002 1780 1136 1823 seculi;
1161 1782 1193 1814 et
1208 1789 1308 1813 secus
1324 1779 1427 1813 littus
1445 1778 1616 1813 sedentes,
1635 1788 1702 1823 per
1714 1777 1784 1814 im-

1002 1827 1286 1869 mortalitatem,
1309 1827 1491 1869 eleyerunt
1510 1825 1616 1860 bonos
1632 1826 1671 1859 in
1692 1836 1782 1861 vasa

1003 1886 1086 1918 sua,
1125 1875 1239 1909 malos
1278 1876 1399 1908 autem
1451 1874 1553 1916 foras
1590 1874 1780 1909 miserunt.

1002 1924 1105 1958 Nunc
1129 1921 1230 1957 enim
1259 1920 1378 1955 malos
1399 1920 1594 1964 bonosque
1616 1929 1782 1955 commu-

1002 1971 1102 2005 niter
1123 1967 1229 2015 quasi
1251 1967 1456 2013 permixtos
1486 1966 1608 2012 pisces
1641 1977 1783 2012 sagena

1001 2017 1090 2052 fidei
1110 2017 1277 2052 continet
1293 2026 1300 2058 ;
1317 2014 1383 2050 sed
1402 2014 1505 2050 littus
1522 2013 1666 2049 indicat
1682 2025 1778 2059 quos

1003 2074 1142 2109 sagena
1163 2061 1337 2098 Ecclesiae
1358 2062 1545 2097 trahebat.
1570 2062 1663 2096 Nam
1685 2061 1779 2096 sicut

1003 2122 1080 2146 non
1103 2110 1388 2154 distinguuntur
1405 2108 1493 2144 boni
1512 2108 1633 2154 pisces
1654 2119 1675 2144 a
1696 2119 1774 2144 ma—

1002 2157 1059 2201 lis,
1081 2157 1263 2203 quamdiu
1284 2167 1423 2202 sagena
1441 2159 1497 2191 est
1518 2156 1615 2191 intra
1636 2166 1774 2201 aquas;

1003 2205 1055 2240 sic
1084 2209 1120 2240 et
1140 2204 1180 2239 in
1204 2203 1369 2239 Ecclesia
1392 2202 1577 2238 militante
1599 2202 1771 2248 permixti

1002 2255 1087 2288 sunt
1120 2250 1207 2287 mali
1245 2261 1329 2286 cum
1360 2249 1482 2286 bonis.
1516 2250 1602 2293 Sed,
1630 2249 1669 2284 in
1696 2250 1772 2286 fine

1002 2298 1144 2342 mundi,
1158 2298 1328 2333 trahetur
1345 2298 1392 2333 ad
1407 2297 1509 2333 littus
1523 2308 1590 2343 per
1604 2300 1776 2343 apertum

997 2345 1195 2392 judicium,
1219 2344 1307 2391 quia
1333 2347 1420 2380 tunc
1442 2348 1551 2380 erunt
1578 2343 1778 2381 manifesta

1000 2392 1220 2429 abscondita
1241 2391 1425 2427 cordium.
1450 2392 1555 2427 Unde
1575 2391 1748 2428 subditur
1766 2403 1774 2428 :

999 2442 1060 2477 Sz'c
1088 2442 1156 2475 erit
1193 2442 1232 2474 z‘n
1264 2441 1573 2474 consummatio-zze
1590 2440 1715 2480 seculi,
1738 2438 1777 2475 id

999 2491 1055 2523 est
1075 2487 1111 2523 in
1133 2488 1208 2522 fine
1230 2486 1375 2530 mundi,
1398 2489 1434 2522 et
1454 2485 1592 2522 dicitur
1606 2496 1778 2522 consum—

1000 2534 1114 2570 matio
1130 2533 1326 2580 tripliciter
1349 2545 1356 2569 :
1376 2533 1447 2577 vel,
1464 2532 1552 2579 quia
1569 2536 1658 2569 tunc
1677 2543 1775 2569 com-

998 2582 1120 2628 pletus
1145 2582 1216 2617 erit
1239 2591 1419 2617 numerus
1443 2581 1675 2625 electorum3
1702 2580 1775 2621 vel,

998 2629 1086 2675 quia
1105 2628 1369 2665 terminabitur
1391 2631 1509 2664 status
1530 2627 1771 2671 meritorum3

996 2677 1069 2721 vel,
1107 2677 1198 2722 quia
1229 2675 1392 2712 cessabit
1426 2674 1610 2711 successio
1648 2684 1772 2710 rerum

997 2724 1247 2760 mutabilium.
1264 2723 1430 2759 Exibunt
1449 2724 1594 2765 Angeli,
1618 2721 1663 2756 de
1679 2721 1772 2757 coelo

997 2781 1172 2817 empyreo
1208 2771 1255 2806 ad
1287 2769 1568 2806 convocandum
1590 2768 1772 2814 populum

989 2818 1250 2864 judicandum,
1281 2821 1314 2854 et
1334 2817 1556 2863 separabunt
1589 2816 1704 2850 malos
1726 2816 1770 2851 de
