1894 3186
133 195 192 228 212
608 185 751 221 PRIMAE
787 185 944 220 PARTIS
980 184 1118 218 CAPUT
1157 183 1303 217 LXXIII

131 271 246 309 gnum
283 261 318 296 et
343 259 511 305 potestas
549 255 704 292 malitiae
741 255 909 302 ipsorum

134 313 234 345 stare
267 317 343 343 non
362 307 505 352 potest3
538 307 575 340 et
599 303 653 339 ita
672 304 761 338 finis
783 302 912 338 mundi

134 355 218 399 erit,
243 354 331 400 quia
349 363 465 398 usque
483 351 530 387 ad
549 351 664 386 finem
684 350 815 386 mundi
836 353 911 385 sta—

130 403 225 439 bunt
261 401 334 444 1110,
378 400 425 436 ad
463 398 682 434 tentandum
721 408 801 449 nos:
845 398 913 432 Re-

134 459 249 496 gnum
274 447 374 484 enim
401 448 547 483 Satanae
574 448 630 480 est
655 444 693 479 in
714 444 822 479 malis
842 444 911 478 ho-

134 495 311 539 minibus,
327 505 418 540 quos
435 493 505 529 sibi
526 491 666 528 subitos
683 494 798 536 tenet,
811 489 912 536 quod

132 546 218 579 ante
244 543 361 578 finem
381 539 508 576 mundi
527 550 600 574 non
620 537 780 574 cessabit
800 548 807 572 ε
832 540 912 572 ῖ11111

135 592 289 636 propter
308 586 607 633 divinaejustitiae
619 583 911 628 ordinationem,

135 640 173 673 et
210 638 282 672 hoc
322 636 369 671 ad
402 633 597 670 hominum
624 630 911 673 excitationem3

132 686 213 719 tum
241 685 395 729 propter
424 679 709 726 prophetiarum
745 678 912 712 nondum

132 730 402 776 impletionem.
426 728 529 762 Unde
555 725 606 761 ait
628 725 727 759 idem
753 725 912 768 Chryso—

132 781 268 812 stomus
303 789 312 811 :
343 790 360 809 α
386 774 498 817 Quasi
529 772 670 807 diceret
703 782 711 805 ε
740 772 911 815 Regnum

134 828 266 859 contra
305 834 344 858 se
382 819 561 856 intestino
602 818 698 853 bello
736 817 910 862 divisum,

138 881 295 906 necesse
318 871 373 904 est
400 865 561 903 desolari
580 876 588 908 ;
612 864 711 910 quod
730 867 765 899 et
788 865 825 899 in
846 865 911 899 do-

135 927 196 952 mo
228 920 264 952 et
298 916 337 950 in
363 914 511 949 civitate
537 912 695 947 videtur.
717 910 911 956 Quocirca,

134 966 172 999 et
193 963 223 998 si
241 964 388 998 Satanae
409 969 565 1005 regnum
587 958 625 993 in
644 958 806 1003 seipsum
824 957 916 993 divi-

135 1021 216 1045 sum
236 1012 306 1052 est,
327 1009 379 1043 ita
391 1007 490 1053 quod
503 1007 659 1042 Satanas
681 1006 727 1040 ab
748 1003 912 1039 homini-

137 1057 207 1093 bus
234 1058 411 1092 Satanam
435 1053 607 1099 repellat,
639 1051 820 1087 desolatio
853 1062 912 1086 re-

136 1102 199 1149 gni
236 1103 449 1138 daemonum
483 1098 822 1145 appropinquavit;
852 1108 912 1133 re-

138 1160 255 1195 gnum
276 1152 401 1185 autem
429 1156 558 1182 eorum
586 1146 624 1180 in
649 1146 719 1180 1100
739 1148 795 1180 θεῖ
813 1145 914 1189 quod

136 1195 311 1232 homines
330 1193 499 1230 subditos
518 1196 661 1227 tenent.
683 1191 719 1227 Si
734 1191 848 1236 igitur
868 1192 914 1227 ab

138 1242 355 1279 hominibus
393 1240 600 1286 pelluntur,
640 1239 710 1273 1100
748 1248 823 1273 11011
859 1241 915 1273 οεῖ

137 1289 255 1333 aliud,
278 1298 389 1334 quam
412 1296 571 1332 regnum
590 1295 720 1320 eorum
747 1284 912 1320 dissolvi.

138 1336 175 1373 Si
197 1339 321 1372 autem
348 1334 469 1370 adhuc
495 1333 533 1367 in
561 1331 777 1367 hominibus
808 1334 915 1377 pote-

136 1386 270 1418 statem
288 1384 432 1424 tenent,
461 1378 699 1414 manifestum
725 1381 782 1414 est
817 1378 917 1424 quod

137 1440 298 1475 regnum
322 1427 475 1472 maligni
505 1426 626 1461 adhuc
656 1428 741 1468 stat,
771 1428 808 1460 et
841 1436 916 1460 non

136 1480 193 1512 est
227 1478 358 1511 contra
391 1476 556 1518 seipsum
580 1471 740 1506 divisum
763 1483 771 1506 :
791 1484 807 1504 »
836 1472 916 1506 haec

137 1524 419 1566 Chrysostomus.
449 1518 650 1561 Moralittr,
676 1528 834 1563 regnum
861 1518 916 1553 di-

136 1569 270 1614 visum,
296 1571 352 1603 est
379 1566 505 1602 anima
537 1563 698 1601 hominis
717 1564 820 1608 mali,
854 1576 917 1600 cu-

133 1617 196 1662 jus
235 1614 460 1651 sensualitas
490 1612 648 1648 rebellat
675 1611 841 1655 rationi3
882 1614 919 1647 et

136 1664 207 1698 hoc
227 1672 384 1708 regnum
404 1660 608 1702 desolatur,
628 1658 716 1703 quia
733 1658 916 1703 ChristuS,

137 1709 202 1756 qui
221 1712 278 1745 est
299 1707 451 1751 veritas,
481 1706 569 1741 inde
592 1705 746 1749 recedit,
777 1708 813 1740 et
834 1705 916 1741 dia-

138 1756 247 1792 bolus
278 1754 500 1800 ingreditur.
529 1754 637 1796 Item,
665 1762 731 1797 per
757 1762 915 1797 regnum

136 1802 177 1838 in
198 1813 237 1838 se
257 1801 418 1837 divisum
440 1800 610 1845 signatur
623 1798 746 1833 omnis
765 1809 918 1844 congre-

139 1849 240 1895 gatio
276 1858 409 1884 carens
447 1844 648 1882 concordia
678 1847 715 1879 et
744 1855 848 1890 pace,
877 1845 915 1880 in

139 1906 213 1941 qua
234 1897 320 1930 sunt
341 1894 415 1929 duo
435 1894 596 1935 Satanae,
620 1902 779 1936 quorum
801 1891 913 1937 quili-

139 1943 203 1978 bet
223 1941 353 1977 nititur
373 1950 478 1975 suam
495 1942 641 1986 partem
657 1938 851 1984 ampliare,
874 1943 915 1974 ut

140 1989 193 2025 sic
223 1988 341 2034 possit
373 1986 480 2023 alteri
513 1984 610 2031 parti
631 1985 857 2030 praevalere3
879 1989 915 2021 et

138 2035 224 2072 talis
244 2032 485 2079 congregatio
510 2031 751 2076 desolabitur,
772 2035 809 2067 et
829 2043 914 2068 con-

140 2081 268 2118 cordia
291 2079 550 2126 dissipabitur,
573 2078 662 2124 quia
682 2078 711 2113 si
740 2079 815 2114 sint
835 2090 856 2115 a
875 2090 914 2115 se

138 2128 263 2172 divisi,
290 2138 358 2173 per
383 2125 685 2162 contrarietatem
711 2126 915 2161 affectuum

140 2187 217 2212 non
236 2179 360 2220 potest
377 2174 527 2216 durare,
550 2173 615 2208 sed
635 2172 761 2207 deficit
780 2173 914 2209 domus

139 2226 176 2258 et
202 2219 440 2266 congregatio
462 2230 604 2255 eorum.
635 2219 721 2263 Sed,
741 2219 832 2255 heu!
857 2220 915 2255 vix

138 2268 381 2304 inveniuntur
399 2266 513 2311 aliqui
537 2267 722 2309 homines,
744 2266 806 2311 qui
828 2269 912 2302 tan-

139 2318 217 2351 tam
256 2313 493 2349 concordiam
534 2313 675 2348 habent
718 2312 757 2347 in
796 2313 911 2358 bono,

139 2364 318 2408 quantam
336 2359 422 2395 mali
449 2359 600 2405 spiritus
628 2360 663 2394 in
687 2359 799 2395 malo.
820 2361 911 2396 Cum

140 2409 241 2444 enim
266 2407 342 2442 sint
368 2405 504 2441 infiniti
532 2408 569 2441 et
600 2405 910 2452 innumerabiles,

139 2458 306 2491 attamen
344 2463 472 2488 omnes
507 2451 545 2487 in
587 2463 630 2488 eo
670 2453 910 2498 concordant,

140 2501 239 2547 quod
260 2499 351 2535 nihil
363 2498 432 2534 nisi
448 2498 668 2534 malefacere
683 2499 910 2536 desiderant.

139 2550 184 2584 Et
205 2547 350 2583 utinam
372 2545 423 2581 sic
448 2546 620 2580 hommes
642 2545 680 2580 in
702 2546 801 2582 bono
824 2558 911 2583 con-

139 2595 353 2637 cordarent,
388 2595 424 2628 et
459 2592 506 2627 ad
536 2591 748 2627 faciendum
774 2594 913 2629 bonum

136 2652 176 2677 se
199 2644 327 2676 mutuo
347 2638 581 2675 animarent!
604 2659 649 2663 ——-
666 2639 805 2674 Deinde
824 2651 912 2686 pro-

135 2688 200 2724 bat
220 2688 320 2723 idem
345 2687 416 2721 1100
440 2685 606 2720 secunda
638 2685 799 2727 ratione,
829 2697 911 2732 quae

137 2735 223 2771 talis
247 2737 314 2770 est.
338 2732 512 2779 Ejusdem
531 2733 725 2777 potestatis
749 2735 805 2767 est
827 2735 911 2779 eJe—

136 2781 210 2819 ctio
238 2782 450 2818 daemonum
485 2789 552 2825 per
580 2789 639 2815 me
664 2781 701 2814 et
726 2789 792 2824 per
812 2780 910 2818 filios

985 258 1148 299 vestr0s;
1172 254 1237 290 sed
1257 254 1325 297 illi,
1358 252 1563 289 secundum
1582 262 1663 297 vos,
1684 263 1761 288 non

985 301 1138 348 ejiciunt
1157 300 1343 338 daemonia
1368 300 1406 336 in
1434 299 1599 346 principe
1625 300 1763 336 (1101110-

986 349 1151 393 niorum,
1186 359 1275 394 ergo
1311 358 1378 383 nec
1401 359 1482 393 ego.
1510 347 1613 383 Unde
1634 346 1724 382 dicit
1749 358 1758 382 z

986 398 1028 432 Sa·
1044 400 1162 431 autem
1185 407 1246 440 090
1266 397 1305 431 in
1327 395 1536 435 Beelzebub,
1559 393 1597 429 id
1624 397 1681 430 est
1698 405 1762 430 au-

985 442 1158 478 ctoritate
1179 442 1358 489 principis
1377 441 1664 485 daemoniorum,
1692 441 1760 486 eji-

986 491 1039 525 cio
1067 490 1242 525 daemonia
1268 500 1291 526 a
1323 489 1543 536 corporibus
1581 487 1760 533 obsessis,

984 538 1191 582 filiivestri,
1206 536 1243 572 id
1261 540 1315 572 est
1332 536 1539 580 exorcistae,
1554 535 1762 571 secundum

984 584 1119 619 Bedam
1157 587 1192 619 et
1228 584 1431 628 Rabanum,
1450 584 1521 628 vel,
1556 582 1762 618 secundum

985 631 1232 674 Auqustinum
1254 634 1289 666 et
1310 633 1579 675 Hieronymum,
1606 630 1763 675 Aposto-

984 677 1009 712 li
1037 678 1083 713 de
1109 677 1162 713 eis
1190 677 1279 720 nati,
1304 679 1342 712 in
1363 689 1445 722 quo,
1482 677 1519 712 id
1544 680 1600 712 est
1622 676 1661 711 in
1689 686 1762 722 qua

984 727 1183 770 potestate,
1226 725 1404 769 ejiciunt?
1449 723 1560 766 Quasi
1604 723 1704 758 dicat
1747 734 1756 758 ε

985 772 1075 807 Cum
1097 782 1171 807 non
1203 770 1353 816 possitis
1381 771 1586 806 attribuere
1607 770 1761 815 010οῖ10-

984 829 1070 854 nem
1084 829 1151 863 per
1164 818 1261 853 tilios
1279 820 1423 853 vestros
1441 816 1673 858 factam,nisi
1690 816 1762 851 vir-

984 864 1054 900 tuti
1078 865 1226 908 divinae,
1249 875 1316 910 per
1336 874 1574 910 consequens
1596 874 1664 899 nec
1684 864 1760 909 030-

986 911 1149 947 ctionem
1171 912 1305 947 factam
1332 921 1399 956 per
1420 922 1491 946 me.
1508 912 1590 946 Ideo
1614 912 1687 956 ipsi
1701 911 1762 954 ffu-

986 959 1082 994 dices
1109 961 1221 994 vestri
1243 962 1360 1002 erunt,
1387 957 1527 993 scilicet
1553 957 1760 1001 exorcistae,

986 1016 1052 1040 vos
1073 1005 1367 1041 condemnantes
1388 1005 1433 1040 de
1454 1004 1649 1040 mendacio
1663 1004 1763 1050 quod

985 1051 1108 1087 dicitis
1126 1055 1254 1088 contra
1271 1063 1329 1087 me
1353 1064 1360 1087 :
1384 1051 1485 1097 quia,
1508 1051 1537 1087 si
1560 1051 1597 1086 in
1613 1050 1765 1087 Deivir-

985 1101 1063 1134 tute
1085 1098 1271 1135 daemonia
1292 1098 1460 1144 ejiciunt,
1484 1099 1599 1134 multo
1622 1098 1704 1144 plus
1725 1100 1763 1134 et

987 1156 1070 1191 ego,
1093 1147 1197 1191 cujus
1221 1145 1433 1192 oppositum
1455 1145 1684 1181 mendaciter
1707 1145 1762 1181 as-

987 1192 1160 1236 firmatis,
1198 1194 1269 1227 hoc
1305 1192 1466 1228 daemoni
1502 1192 1759 1228 attribuendo.

989 1239 1066 1284 Vel,
1084 1238 1251 1284 Apostoli
1271 1239 1314 1275 de
1337 1249 1466 1274 eorum
1493 1239 1608 1285 stirpe
1628 1237 1761 1285 geniti,

989 1285 1051 1331 qui
1078 1285 1148 1322 sibi
1166 1287 1261 1322 bene
1292 1285 1431 1321 conscii
1452 1289 1537 1321 sunt
1572 1285 1624 1321 nil
1653 1285 1763 1322 malae

988 1332 1078 1368 artis
1098 1343 1120 1368 a
1144 1332 1290 1369 Christo
1313 1333 1500 1373 didicisse,
1524 1336 1634 1368 erunt
1657 1332 1759 1379 judi-

989 1390 1050 1415 ces
1082 1390 1213 1415 eorum
1243 1380 1281 1415 in
1305 1380 1444 1424 futuro,
1468 1380 1608 1416 scilicet
1644 1390 1763 1415 asses-

990 1426 1093 1462 sione
1120 1430 1157 1461 et
1187 1427 1458 1472 approbatione
1486 1426 1637 1473 J'udicii3
1675 1426 1763 1472 quia

990 1474 1162 1508 sedebunt
1181 1484 1289 1518 super
1308 1475 1408 1509 sedes
1430 1474 1631 1515 duodecim,
1648 1474 1762 1518 judi-

991 1523 1114 1555 cantes
1136 1521 1322 1555 duodecim
1344 1521 1460 1556 tribus
1489 1522 1614 1556 Israel.
1650 1520 1761 1556 Dein-

991 1567 1051 1609 de,
1074 1566 1165 1602 elisa
1199 1567 1359 1602 salsitate
1381 1567 1669 1613 Pharisaeorum,
1702 1577 1762 1603 as-

991 1613 1079 1649 truit
1112 1613 1308 1650 veritatem
1343 1625 1351 1649 :
1387 1614 1486 1660 quia,
1513 1625 1557 1650 ex
1585 1625 1657 1660 quo
1685 1625 1763 1650 non

991 1660 1091 1705 ejicit
1121 1660 1257 1696 virtute
1292 1660 1445 1705 diaboli,
1469 1662 1636 1707 sequitur
1664 1661 1761 1706 quod

991 1707 1092 1753 ejicit
1118 1707 1252 1743 virtute
1271 1707 1350 1752 Dei,
1373 1719 1457 1743 cum
1478 1708 1578 1744 aliud
1598 1708 1763 1744 medium

991 1765 1067 1789 non
1094 1753 1213 1800 possit
1247 1755 1341 1790 dari.
1368 1754 1462 1790 Dicit
1483 1766 1571 1801 ergo
1593 1767 1601 1791 :
1631 1755 1687 1799 Si,
1707 1758 1764 1791 est

991 1800 1091 1846 quia,
1126 1812 1187 1845 eqo
1213 1803 1365 1849 Spiritu·
1387 1802 1459 1846 vel,
1481 1805 1520 1837 ut
1540 1802 1592 1838 ait
1629 1803 1761 1848 Lucas,

990 1849 1029 1883 in
1055 1848 1171 1890 diyz'to
1203 1851 1268 1883 Dei
1294 1849 1398 1893 ejicio
1434 1849 1624 1893 daemonia;
1650 1852 1687 1884 et
1710 1849 1763 1885 sie

990 1894 1131 1939 expello
1171 1906 1327 1940 regnum
1363 1894 1517 1940 diaboli,
1537 1899 1578 1932 ut
1616 1896 1764 1932 conclu-

990 1952 1071 1993 sum
1104 1944 1160 1977 est
1191 1953 1232 1977 ex
1256 1942 1459 1987 praedictis,
1493 1953 1576 1978 cum
1594 1942 1761 1990 expulsio

988 1999 1100 2023 unius
1123 1989 1301 2024 contrarii
1331 1988 1377 2024 sit
1412 1989 1636 2026 introductio
1668 1990 1763 2026 alte-

988 2034 1079 2081 rius,
1106 2037 1268 2079 profecto
1283 2039 1449 2081 pervenit
1470 2038 1508 2071 z'n
1531 2047 1592 2073 vos
1612 2048 1763 2082 reynum

987 2084 1067 2125 Dei,
1107 2082 1144 2117 id
1183 2086 1239 2118 est
1269 2093 1336 2128 ego
1367 2083 1550 2128 Christus,
1580 2085 1641 2129 qui
1665 2086 1763 2120 Deus

988 2129 1107 2164 debeo
1134 2140 1293 2173 regnare
1325 2131 1361 2165 in
1386 2130 1509 2174 vobis;
1538 2141 1653 2176 quare
1673 2141 1762 2176 ergo

988 2186 1047 2210 me
1077 2175 1372 2221 blasphematis?
1398 2177 1477 2221 Vel,
1498 2188 1648 2221 reqnum
1680 2180 1761 2222 Dei,

987 2221 1025 2257 id
1056 2227 1112 2258 est
1140 2226 1288 2268 tempus
1307 2222 1451 2268 gratiae,
1471 2224 1518 2259 ad
1538 2225 1760 2260 merendum

986 2279 1143 2314 regnum
1169 2269 1311 2314 gloriae,
1340 2271 1440 2315 quod
1468 2271 1571 2306 vobis
1591 2272 1761 2316 offertur,

988 2316 1075 2351 dum
1094 2326 1162 2361 per
1181 2317 1295 2352 verba
1325 2316 1493 2353 veritatis
1521 2321 1558 2353 et
1581 2319 1764 2355 miracula

986 2363 1182 2408 potestatis
1216 2363 1453 2409 praedicatur.
1488 2365 1567 2408 Vel,
1599 2368 1762 2412 profecto

984 2411 1149 2455 pervenit
1162 2411 1200 2445 in
1217 2421 1278 2445 vos
1295 2421 1445 2454 requam
1460 2413 1539 2455 Dei,
1557 2411 1595 2448 id
1612 2415 1668 2448 est
1686 2412 1762 2449 adi-

987 2460 1045 2492 tus
1066 2455 1172 2502 regni
1191 2457 1369 2493 coelorum
1390 2459 1596 2503 patefactus
1618 2463 1675 2495 est
1694 2470 1761 2495 vo-

986 2502 1043 2539 bis
1066 2506 1103 2539 et
1122 2503 1292 2539 omnibus
1313 2505 1564 2542 credentibus.

1035 2565 1055 2596 9
1080 2552 1180 2594 ITEM,
1202 2562 1349 2586 TRIPLICI
1370 2563 1537 2597 nArioNE,
1560 2563 1697 2588 PROBAT
1719 2564 1758 2588 SE

988 2608 1060 2633 NON
1094 2609 1177 2632 Esse
1203 2609 1345 2633 DiAnom
1368 2610 1571 2636 miNisTRUM.
1600 2620 1642 2625 —-
1666 2601 1757 2635 Pro-

988 2644 1074 2679 bato
1096 2655 1184 2689 ergo
1202 2645 1301 2689 quod
1319 2645 1467 2681 daemon
1485 2657 1561 2681 non
1581 2649 1637 2682 est
1655 2649 1760 2682 actor

988 2690 1172 2734 miraculi,
1190 2691 1325 2726 deinde
1343 2696 1615 2739 consequenter
1626 2694 1759 2739 probat

988 2737 1157 2773 Christus
1176 2737 1443 2785 multipliciter,
1463 2740 1563 2786 quod
1582 2739 1661 2787 ipse
1683 2751 1758 2776 non

988 2787 1046 2820 est
1078 2783 1247 2821 minister
1272 2784 1424 2823 diaboli.
1454 2788 1497 2823 Et
1516 2787 1638 2833 prima
1659 2787 1756 2824 ratio
