1894 3186
158 155 199 189 74
661 159 805 194 PRIMAE
841 161 996 195 PARTIS
1041 162 1175 195 CAPUT
1212 163 1285 196 LVI

165 225 424 262 laborantibus
452 226 655 273 discipuHs,
684 229 825 266 otiosus
843 233 942 266 esset

166 272 355 318 Magister.
379 274 458 308 Non
490 275 591 311 enim
625 276 784 313 vicarios
815 277 940 323 operis

165 320 221 356 sui
240 320 323 355 illos
350 320 603 367 ordinaverat,
632 324 697 359 sed
727 325 938 370 adjutores;

167 370 204 404 et
242 367 340 411 ideo,
379 367 643 406 festinantibus
683 372 938 416 mercenariis,

165 425 321 450 necesse
344 419 423 450 erat
445 420 482 450 nt
505 417 665 462 amplius
682 418 761 464 ipse
782 420 941 464 paterfa-

166 461 287 497 milias
305 461 512 499 festinaret.
541 466 631 500 Nam
650 465 689 500 in
708 466 940 501 secularibus

165 508 228 554 qui
254 508 365 544 fuerit
391 511 511 555 major
548 514 611 547 aut
638 512 785 556 clarior,
813 516 847 548 et
874 514 939 548 ha-

165 555 290 591 buerit
306 567 412 591 se‹·us
433 568 471 592 se
496 570 662 594 nnnores
677 563 739 595 aut
756 559 938 603 subditos,

165 603 259 638 adeo
293 603 418 638 omnia
453 615 695 651 quaecumque
728 607 940 642 necessaria

165 649 304 685 fuerint
324 650 392 695 ipsi
413 652 643 696 adinndent3
665 653 727 688 ille
754 658 880 689 autem
903 653 939 688 in

162 707 232 732 suo
253 697 397 732 honore
435 699 655 735 constitutus
679 701 938 736 tantummodo

161 743 394 789 jussionibus
410 751 543 790 pra-est
564 750 597 780 et
621 748 666 781 ab
682 747 782 782 omni
809 747 939 783 labore

165 801 318 826 securus
348 795 416 826 est.
461 794 499 827 In
535 793 791 837 spiritualibus
813 798 939 829 autem

164 837 254 872 viris
274 849 345 872 non
369 842 423 873 est
451 839 498 873 ita
519 851 526 881 3
550 840 613 874 sed
641 841 703 885 qui
727 841 846 886 major
869 845 938 885 est,

165 885 347 929 majorem
374 886 484 919 habet
509 887 687 922 laborem.
718 888 818 930 Ideo,
846 899 939 934 prae-

164 930 374 966 dicantibus
396 933 595 977 Apostolis,
612 934 772 979 amplius
791 935 939 971 labora-

166 977 230 1013 bat
246 978 431 1021 Christus;
453 980 598 1015 miserat
614 981 712 1016 enini
732 982 814 1017 illos
833 983 939 1027 quasi

164 1024 219 1060 sol
241 1024 365 1060 radios
387 1037 486 1069 snos,
509 1027 613 1071 qna>i
639 1040 723 1064 rosa
748 1029 940 1065 suavitatis

166 1071 316 1115 odores,
352 1073 455 1117 qnasi
492 1073 588 1119 ignis
629 1075 809 1111 scintillas
853 1087 939 1112 suas

165 1117 368 1164 dispergit;
399 1124 436 1154 ut
463 1122 557 1155 sit-ut
585 1123 638 1157 sol
667 1123 703 1157 in
731 1123 843 1158 radiis
863 1123 939 1159 suis

164 1170 334 1211 apparet,
363 1166 456 1201 sient
485 1179 568 1203 rosa
596 1168 631 1204 in
660 1170 837 1205 odoribus
863 1171 939 1206 suis

166 1212 338 1256 sentitur,
362 1213 456 1248 sicut
483 1215 578 1259 ignis
608 1215 644 1251 in
671 1216 840 1252 scintillis
864 1217 939 1253 suis

168 1259 360 1306 aspicitur,
397 1260 515 1297 sicin
555 1262 703 1299 illorum
739 1264 938 1301 virtutibus

1016 230 1151 267 Christi
1191 231 1358 278 potentia
1395 235 1653 277 cognoscatur.
1699 233 1788 277 Quis

1017 281 1052 313 et
1092 278 1191 314 enim
1212 279 1341 315 videns
1363 279 1565 325 discipulos
1587 290 1672 316 suos
1691 280 1787 317 bene

1015 324 1232 370 instructos,
1270 337 1346 362 non
1385 326 1579 362 scientiam
1616 326 1784 373 Magistri

1016 372 1232 409 collaudet?
1256 374 1328 409 Aut
1354 384 1468 420 opera
1494 384 1623 410 eorum
1648 384 1785 419 magna

1015 420 1269 465 considerans,
1290 432 1365 456 non
1392 421 1595 467 potentiam
1623 421 1789 457 admire-

1015 469 1076 501 tur
1095 467 1258 503 auctoris
1273 468 1290 503 ἱ)
1310 467 1483 503 Faciebat
1501 468 1599 503 enim
1620 468 1789 504 Christus

1017 513 1209 558 miracula,
1232 515 1417 551 faciebant
1437 518 1471 550 et
1487 514 1660 560 discipuli
1681 516 1783 562 ejus;

1016 564 1052 595 et
1072 560 1169 596 inter
1189 561 1415 597 mirabilium
1443 562 1680 607 operationes
1710 572 1788 598 ma-

1011 607 1073 652 jor
1098 608 1276 644 virtutum
1302 609 1401 644 sama
1422 610 1612 644 crescebat
1636 621 1643 644 z
1668 623 1686 641 »
1709 609 1790 644 haec

1017 656 1298 699 Chrysostomus.
1312 658 1493 691 Exeuntes
1513 656 1789 691 autemduode-

1016 701 1086 736 cim
1108 703 1273 748 Apostoli
1289 702 1535 738 circumibant
1552 714 1618 748 per
1637 702 1791 738 castella

1016 749 1331 794 evangelizantes,
1359 761 1435 785 non
1461 749 1580 785 solum
1609 759 1788 795 procura-

1016 795 1153 831 tionem
1171 796 1391 841 recipientes
1409 800 1444 832 et
1464 802 1636 832 curantes
1653 796 1690 831 in
1712 795 1791 832 ani-

1015 854 1075 878 ma
1096 848 1131 877 et
1151 854 1319 889 corpore,
1338 855 1413 879 non
1434 844 1531 879 malo
1550 843 1717 889 exemplo
1732 852 1791 879 oc-

1015 890 1193 933 cidentes,
1213 894 1249 925 et
1267 892 1335 926 hoc
1356 891 1493 936 ubique
1512 890 1592 926 sine
1610 900 1789 936 persona-

1015 948 1097 972 rum
1114 937 1342 982 acceptione.
1359 939 1533 972 Exierunt
1548 939 1594 973 ab
1609 948 1693 972 arce
1706 947 1792 972 con-

1014 984 1269 1029 templationis
1295 985 1341 1020 ad
1368 984 1551 1019 actionem
1580 983 1791 1029 praedicati-

1015 1031 1096 1066 onis
1113 1035 1149 1066 et
1164 1031 1379 1075 curationis,
1396 1031 1605 1066 inducendo
1621 1031 1792 1066 homines

1015 1079 1127 1113 verbo
1144 1081 1179 1114 et
1191 1079 1372 1123 exemplo,
1385 1081 1421 1113 nt
1434 1078 1693 1124 poenitentiam
1709 1087 1793 1123 age-

1015 1126 1150 1161 rentde
1163 1126 1341 1171 peccatis3
1356 1126 1432 1168 sed,
1451 1126 1542 1160 hen!
1561 1125 1662 1160 multi
1680 1123 1792 1160 hodie

1014 1176 1148 1207 exeunt
1161 1172 1343 1208 alatebris
1359 1183 1541 1218 perversae
1555 1170 1792 1217 cogitationis

1013 1220 1060 1255 ad
1085 1219 1270 1255 actionem
1297 1219 1518 1264 iniquitatis,
1546 1228 1790 1270 corrumpen-

1013 1267 1059 1302 do
1081 1266 1252 1302 homines
1270 1267 1394 1303 verbis
1412 1269 1449 1302 et
1469 1266 1647 1311 exemplis
1665 1265 1788 1302 malis.

897 1377 1065 1414 ORATIO

220 1465 377 1501 Domine
410 1468 496 1501 Jesu
534 1468 691 1512 Christe,
718 1469 894 1514 Magister
912 1471 1024 1515 bone,
1048 1471 1095 1506 da
1127 1471 1216 1506 mihi
1243 1472 1461 1517 Prophetas,
1483 1470 1623 1506 scilicet
1644 1468 1706 1515 qui
1729 1469 1794 1505 do-

173 1511 293 1546 ctrina
314 1516 349 1547 te
379 1514 595 1558 praedicant,
618 1519 650 1549 ct
670 1516 790 1559 justos
816 1518 877 1561 qni
900 1518 996 1552 bona
1017 1518 1091 1551 x'ila
1119 1522 1152 1553 te
1178 1519 1451 1560 demonstrant,
1471 1529 1512 1553 ac
1534 1517 1735 1562 discipulos
1756 1520 1793 1552 et

171 1558 323 1593 nuntios
343 1564 437 1602 tnos,
461 1560 521 1604 qni
550 1565 583 1595 te
604 1572 753 1606 quoquo
776 1564 885 1597 modo
904 1564 1138 1603 denuntiant,
1161 1564 1213 1598 sic
1240 1574 1305 1609 pro
1344 1564 1493 1599 nomine
1522 1568 1583 1599 tuo
1620 1564 1791 1599 venerari

172 1607 209 1639 et
230 1605 409 1650 recipcre,
433 1618 474 1641 ac
497 1607 549 1641 cis
571 1608 737 1643 caritatis
758 1610 938 1655 obsequia
968 1614 1003 1645 ct
1036 1611 1213 1646 beneficia
1252 1611 1480 1656 impendere,
1501 1614 1539 1646 ut
1581 1610 1792 1646 mercedem

172 1662 255 1686 cum
277 1653 331 1687 eis
354 1665 510 1695 mercar,
537 1658 568 1689 te
590 1656 767 1699 donante,
791 1657 932 1692 meritis
954 1669 1080 1693 eornm
1103 1658 1283 1693 obtinere.
1308 1660 1361 1693 Ila
1382 1658 1470 1692 mini
1485 1658 1611 1701 etiam,
1636 1657 1793 1692 Domine

171 1699 271 1734 Dens
293 1710 410 1742 mens,
435 1702 622 1746 pra—latos,
644 1703 910 1748 praJdiratores
933 1708 969 1739 et
988 1707 1201 1740 sacerdotes
1222 1709 1437 1741 reverenter
1461 1705 1588 1741 audire
1608 1708 1643 1740 et
1663 1714 1792 1740 eorum

171 1745 493 1781 admonitionibus
530 1749 739 1785 obediendo
773 1751 1020 1798 acquiescere,
1046 1756 1087 1787 ut
1114 1763 1199 1788 cum
1220 1752 1318 1788 veris
1354 1752 1614 1789 obedientibus
1646 1751 1791 1788 valeam

170 1793 270 1838 apud
291 1796 325 1829 te
346 1794 505 1840 gratiam
525 1794 705 1832 invenire.
727 1799 858 1834 Amen,

831 1997 1010 2044 CAPUT
1047 1998 1139 2045 LVl

342 2133 391 2161 DE
419 2135 649 2167 QUAESTIONE
669 2135 829 2164 JOANNIS
856 2137 1055 2165 BAPTISTAE
1079 2139 1129 2166 ET
1153 2138 1244 2167 EJUS
1267 2137 1612 2168 COMMENDATIONE·

800 2242 833 2277 M
839 2241 965 2277 atthaei
999 2252 1080 2288 cap.
1104 2243 1151 2278 XI

220 2363 232 2384 1
258 2349 476 2385 PnAEcunson
498 2352 627 2385 Domini
644 2363 845 2387 DlSCtPULOS
866 2364 952 2388 suos

167 2406 212 2431 AD
232 2407 302 2431 Eun
332 2408 460 2437 nimir,
493 2409 535 2432 υτ
557 2410 658 2433 ipsun
688 2411 947 2434 m'rssnnoennr.

168 2462 213 2468 —-
228 2444 382 2477 Jocnmes
400 2447 517 2478 (tutem
538 2446 705 2488 Baptista
719 2448 757 2480 in
778 2448 948 2488 vinculis,

167 2491 203 2525 et
239 2489 277 2524 in
308 2500 456 2525 carcere
499 2491 738 2535 constitutus,
774 2504 852 2527 cum
880 2503 948 2538 per

170 2535 375 2581 discipulos
408 2548 495 2572 snos
517 2539 635 2581 inagis
662 2538 816 2583 invidia,
835 2550 946 2584 quam

168 2582 329 2629 simplici
368 2584 480 2618 corde
518 2584 743 2629 stimulatos,
783 2588 947 2622 audisset

168 2641 275 2676 opera
308 2632 454 2669 Christi,
487 2634 523 2665 et
562 2631 741 2667 miracula
770 2643 853 2677 quae
891 2634 943 2669 sa-

169 2677 303 2721 ciebat,
324 2677 407 2722 plus
441 2678 485 2712 (le
523 2677 792 2723 discipulorum
826 2680 944 2716 salute

166 2734 281 2770 quam
303 2725 349 2759 de
368 2735 433 2759 suo
455 2724 621 2769 periculo
643 2725 839 2770 sollicitus3
863 2730 945 2762 mit-

169 2774 245 2808 tens
272 2772 361 2807 duos
380 2772 423 2807 de
450 2772 643 2818 discipulis
668 2774 745 2808 suis
765 2772 940 2810 dubitan-

1024 2353 1136 2398 tibus,
1159 2357 1199 2389 ut
1219 2354 1308 2400 ipsis
1330 2353 1490 2390 reversis
1511 2353 1725 2391 crederetur
1744 2355 1790 2391 ab

1024 2401 1106 2436 aliis
1132 2412 1140 2436 z
1164 2400 1250 2446 qnia
1281 2403 1320 2436 in
1346 2412 1404 2435 ore
1426 2402 1578 2436 duorum
1601 2403 1656 2436 vel
1679 2403 1790 2437 trium

1022 2450 1167 2482 testium
1185 2448 1298 2483 stabit
1319 2459 1419 2482 omne
1435 2449 1594 2486 verbum.
1610 2450 1788 2493 Joannes,

1022 2494 1188 2539 inquam,
1211 2498 1263 2530 ait
1283 2496 1354 2535 illi,
1377 2494 1516 2530 scilicet
1538 2495 1698 2533 Christo.
1722 2505 1790 2541 per

1021 2541 1224 2587 discipulos
1253 2552 1340 2577 suos
1367 2542 1514 2585 missos,
1550 2541 1655 2587 quasi
1689 2541 1788 2577 dice-

1020 2591 1105 2623 ret:
1131 2588 1165 2624 Si
1186 2588 1277 2624 mihi
1306 2599 1380 2623 non
1413 2587 1564 2624 creditis
1593 2588 1654 2633 qui
1681 2587 1789 2624 testi·

1020 2635 1188 2670 monium
1211 2636 1255 2671 de
1276 2635 1420 2672 Christo
1442 2634 1627 2681 perhibui.
1649 2634 1788 2681 vosipsi

1018 2681 1129 2717 dicite
1160 2682 1212 2717 illi
1248 2694 1255 2718 :
1290 2684 1342 2717 Tu
1372 2693 1420 2722 es,
1456 2684 1520 2726 qui
1548 2687 1720 2717 venturus
1753 2691 1788 2717 es

1017 2728 1187 2764 Christus
1206 2732 1244 2765 et
1265 2729 1420 2764 Messias
1441 2728 1478 2764 in
1504 2731 1600 2773 Lege
1627 2727 1787 2774 promis-

1017 2785 1095 2821 sus,
1137 2775 1200 2822 qui
1234 2776 1348 2813 debes
1380 2775 1525 2813 salvare
1561 2775 1695 2821 Israe13
1738 2786 1787 2811 an
