1894 3186
157 200 217 234 354
790 195 929 231 INDEX
967 195 1161 230 CAPITUM

202 272 338 322 ctuosae
352 266 492 314 populo
511 265 739 308 Judaeorum
750 276 812 312 ge-
1047 274 1162 301 avara
1186 274 1253 311 per
1299 265 1497 302 mulierem
1527 275 1661 303 curva-

198 315 281 352 neri
301 316 466 351 humano
487 318 525 350 et
557 313 711 351 cuilibet
737 314 809 350 ho-
1047 316 1124 348 tam
1143 311 1356 358 signantur.
1713 316 1780 361 259

194 362 285 399 mini
306 361 507 409 applicata.
860 363 925 403 254
1004 374 1045 396 10
1067 359 1281 405 Hypocrisis
1298 362 1317 397 J
1323 360 1515 397 udaeorum
1531 369 1661 407 repre-

168 414 190 454 4
208 411 300 446 Item
321 409 509 462 applicata
528 407 732 454 religi0sis.
858 411 922 442 255
1048 407 1182 442 hensa.
1717 410 1783 455 259

169 461 188 493 5
210 457 305 501 Quid
321 457 369 492 sit
386 460 527 493 terram
539 456 731 493 inutiliter
750 465 808 492 oc·
1005 469 1042 490 11
1069 455 1233 490 Sabbata
1266 453 1454 501 quomodo
1493 453 1661 491 sanctifi-

192 504 358 550 cupare?
861 503 926 536 256
1049 501 1185 537 canda.
1715 504 1781 538 260

169 555 190 587 6
211 550 363 588 Sanatio
386 549 553 587 mulieris
571 549 792 586 incurvatae.
859 551 924 594 257
1005 561 1044 585 12
1067 547 1185 585 Dietae
1200 550 1289 593 tres,
1303 559 1395 594 quas
1415 549 1553 585 Herodi
1568 550 1661 596 Regi

168 614 187 645 7
210 598 295 635 Vita
326 609 403 634 non
431 598 478 634 sit
502 597 665 634 terrenis
698 598 810 633 rebus
1049 576 1348 642 nuntiz’treJ'ubet
1361 596 1548 641 Christus,
1571 597 1661 642 quid

194 648 232 682 et
250 645 414 692 peccatis
434 645 640 697 implicata.
861 644 926 688 257
1048 642 1204 689 mystice
1244 647 1282 680 et
1318 643 1511 680 moraliter
1541 643 1660 690 signi-

171 695 191 729 8
213 694 286 730 Cur
319 695 430 729 homo
457 691 702 738 semetipsum
738 690 808 727 eri
1048 690 1163 726 ficent
1182 690 1200 726 ἰ)
1713 694 1775 727 26ι

196 751 285 794 gere
306 740 469 777 debeat?
861 738 928 773 258
1006 739 1045 773 15
1067 737 1242 774 Praedicit
1260 738 1442 775 Dominus
1458 737 1584 774 locum
1600 737 1665 775 ubi

172 802 193 834 9
216 787 351 825 Anima
388 784 574 835 peccatrix
615 787 653 821 et
703 795 810 822 mens
1049 795 1228 831 passurus
1257 789 1328 823 cst.
1713 788 1775 822 261

333 939 481 976 CAPUT
510 939 643 976 LXXX.
669 940 719 974 De
740 938 938 984 hydropico
958 939 992 972 et
1011 937 1262 974 eoehortatione
1283 938 1333 975 ad
1353 939 1597 976 humilitatem

784 988 819 1021 et
848 985 1152 1023 misericordiam.

179 1141 190 1163 1
217 1124 381 1170 Quaestio
417 1123 554 1162 Christi
593 1123 641 1160 ad
681 1122 813 1159 Phari·
1057 1133 1128 1159 nus
1148 1121 1325 1160 invitatos
1344 1124 1392 1160 ad
1417 1123 1668 1163 humilitatem

154 1209 155 1212 ,
200 1184 309 1219 saeos,
330 1183 378 1210 an
399 1171 511 1209 liceat
530 1172 689 1208 sabbato
711 1182 818 1208 cura·
1057 1171 1243 1206 hortatur.
1720 1177 1785 1212 265

202 1233 243 1258 re
261 1220 278 1259 ξ)
869 1220 930 1253 261
1034 1233 1053 1264 7
1065 1217 1212 1264 Nuptiae
1223 1217 1437 1265 spirituales
1446 1222 1482 1256 et
1493 1220 1666 1257 coelestes
1715 1225 1783 1258 265

179 1283 196 1305 2
218 1267 312 1315 Ipsis
331 1267 555 1312 tacentibus,
569 1265 816 1313 hydropicum
1035 1268 1055 1299 8
1075 1266 1214 1301 Futura
1239 1265 1390 1302 humilis
1415 1268 1592 1305 exaltatio
1615 1279 1670 1305 su-

205 1319 326 1353 sanat.
870 1315 933 1347 262
1058 1312 1241 1358 perbique
1259 1313 1381 1350 ruina.
1722 1320 1787 1360 264

182 1367 202 1399 5
224 1364 312 1407 Quis
329 1362 376 1398 sit
396 1362 433 1397 in
454 1372 565 1398 sensu
584 1361 741 1408 mystico
757 1360 817 1395 hic
1037 1375 1057 1406 9
1080 1360 1277 1396 Humilitas
1308 1361 1503 1399 meritorIa
1534 1362 1574 1398 in
1606 1363 1670 1399 tri-

203 1411 377 1457 princeps
439 1409 672 1451 Judaeorum,
720 1407 817 1452 apud
1061 1407 1130 1442 bus
1151 1407 1335 1444 consistit.
1725 1414 1789 1455 264

206 1467 319 1503 quem
345 1455 587 1492 manducavit
625 1456 817 1490 Dominus.
872 1455 935 1489 262
1021 1468 1060 1489 ιο
1082 1454 1155 1489 Cur
1176 1455 1279 1491 locus
1297 1455 1444 1502 primus
1463 1467 1541 1493 non
1563 1467 1673 1504 appe-

179 1506 372 1550 4Septom
412 1504 459 1549 113
464 1502 607 1548 diopici
654 1500 821 1547 proprie·
1062 1501 1196 1537 tcndus
1214 1501 1231 1537 ?
1727 1508 1793 1549 264

207 1555 301 1588 tates
333 1553 476 1597 septem
524 1549 698 1597 capitalia
733 1548 822 1584 xiiia
1022 1562 1058 1584 11
1084 1549 1156 1585 Cui
1172 1552 1297 1585 autem
1320 1550 1546 1588 novissimus
1563 1561 1675 1599 appe-

207 1598 392 1644 designat.
874 1598 939 1632 262
1064 1596 1202 1632 tendus
1215 1596 1232 1631 ?
1725 1603 1790 1635 265

183 1651 202 1684 5
224 1645 443 1699 Hydtiopisis
460 1648 586 1681 tamen
608 1642 823 1697 specialiter
1022 1656 1060 1678 12
1085 1642 1254 1680 Christus
1274 1642 1474 1681 invitantes
1493 1645 1541 1682 ad
1561 1645 1674 1682 mise-

207 1693 405 1729 avaritiam
432 1696 469 1729 et
504 1692 690 1729 luxuriam
726 1691 822 1727 desi·
1062 1690 1265 1727 ricordiam
1280 1692 1464 1729 hortatur.
1727 1697 1792 1730 266

205 1744 338 1787 gnam,
873 1740 939 1773 265
1022 1741 1061 1773 15
1084 1738 1276 1774 Moraliter
1294 1739 1340 1775 de
1369 1739 1539 1777 convivio
1566 1739 1674 1794 spiri-

184 1792 203 1824 6
227 1790 317 1824 Item
335 1786 566 1835 superbiam,
584 1785 683 1823 unde
698 1784 821 1822 Domi·
1064 1785 1156 1822 tuali
1177 1788 1213 1823 et
1233 1786 1278 1822 de
1298 1797 1394 1832 pane
1414 1787 1519 1834 regni
1542 1787 1622 1824 Dei
1724 1790 1787 1835 267

434 1946 583 1983 CAPUT
606 1943 756 1981 LXXXI.
784 1963 825 1970 -
848 1943 899 1978 De
918 1942 1087 1978 invitatis
1110 1941 1159 1978 acl
1178 1952 1313 1978 emnam
1333 1953 1517 1987 mamzam.

193 2099 204 2121 1
227 2082 412 2120 parabola
432 2081 478 2119 de
497 2079 667 2118 invitatis
685 2079 733 2116 ad
752 2090 822 2116 coe-

212 2142 299 2168 nam
320 2140 510 2177 magnam,
534 2129 573 2165 id
592 2132 648 2165 est
665 2128 712 2164 ad
729 2129 819 2164 bea-

214 2160 427 2215 titudinem.
877 2179 942 2222 269

193 2240 211 2262 2
232 2224 544 2278 Concupiscentia
563 2222 706 2276 triplex
715 2222 826 2259 latio-

216 2284 281 2309 nes
299 2272 550 2310 excusationis
563 2269 729 2307 invitatis
745 2280 827 2316 sup-

215 2319 371 2367 peditat.
882 2320 947 2364 269

1040 2080 1059 2114 5
1080 2078 1307 2131 Reprobatio
1364 2080 1582 2117 Judaeorum
1637 2084 1674 2116 et

1066 2125 1269 2163 Gentilium
1295 2137 1576 2175 pauperumque
1601 2127 1676 2164 ele-

1067 2173 1140 2209 ctio
1157 2173 1216 2209 hic
1233 2174 1409 2219 figurata.
1728 2190 1794 2223 270

1046 2225 1065 2266 [4
1086 2221 1347 2257 Praedestinati
1368 2225 1512 2258 tantum
1531 2222 1578 2259 ad
1598 2233 1674 2260 coe-

1069 2279 1157 2304 nam
1183 2268 1373 2306 coelestem
1390 2280 1411 2306 a
1432 2269 1590 2307 Domino
1612 2281 1673 2308 re-

1070 2315 1267 2363 cipientur.
1726 2331 1790 2365 272

389 2480 537 2516 CAPUT
557 2479 724 2517 LXXXII.
748 2499 792 2505 -
812 2479 862 2514 De
880 2478 1101 2525 Scenopeqicz
1118 2479 1321 2523 festivitate
1339 2478 1560 2517 Judaeorum.

189 2632 202 2654 1
228 2616 323 2662 Quid
346 2615 394 2653 sit
414 2614 675 2662 Scenopegia?
872 2617 937 2662 275
1057 2625 1125 2662 per
1138 2619 1194 2652 est
1209 2618 1556 2663 paratum,tempus
1577 2626 1667 2653 vero

189 2679 206 2701 2
222 2664 438 2702 Amicorum
458 2663 666 2700 carnalium
701 2662 822 2699 consi·
1060 2663 1264 2699 electorum
1289 2664 1462 2700 nondum
1483 2667 1539 2700 est
1560 2673 1669 2710 para-

212 2712 303 2748 lium
327 2721 504 2757 nequam
875 2713 941 2757 275
1062 2712 1154 2746 tum.
1724 2714 1790 2759 275

191 2763 211 2795 5
234 2759 360 2795 Gloria
379 2763 416 2795 et
436 2758 571 2794 festum
591 2756 739 2804 duplex·
877 2761 941 2803 274
1040 2760 1059 2792 5
1081 2757 1265 2804 Christus,
1286 2762 1430 2796 secreto
1447 2757 1603 2796 veniens
1619 2757 1667 2795 ad

190 2810 213 2850 4
232 2808 392 2852 Tempus
425 2806 702 2842 mundanorum
724 2813 823 2840 sem-
1062 2804 1211 2851 festum,
1233 2805 1323 2852 quid
1341 2817 1411 2843 nos
1431 2807 1589 2844 doceat?
1720 2809 1787 2853 275
