1894 3186
160 205 199 239 84
669 202 812 235 PRIMAE

157 271 244 316 Quis
269 272 408 318 Regem
451 271 580 317 gloriae
612 270 843 318 baptizavit?
869 269 934 307 Cui

158 330 198 356 se
225 318 389 365 primum
419 318 580 355 Trinitas
609 319 661 354 sic
685 322 814 364 aperte
835 329 937 353 reve-

157 366 278 403 lavit?
311 365 376 402 Cui
412 367 485 402 tale
524 366 778 402 testimonium
815 364 936 411 perhi-

158 415 239 451 buit
265 413 446 449 Dominus
469 416 579 451 Jesus
604 413 797 449 Christus?
818 419 934 455 Quem

158 461 210 498 sic
242 461 442 496 honoravit
470 460 657 497 Ecclesia?
682 462 846 497 Joannes
871 461 936 494 Pa-

156 507 336 551 triarcha,
360 508 434 544 imo
462 508 763 544 Patriarcharum
787 506 872 541 finis
899 509 934 541 et

156 559 288 601 caput3
323 557 490 592 ,Ioannes
520 556 720 602 Propheta,
749 554 824 589 imo
851 554 933 599 plus

155 613 267 649 quam
296 604 496 648 Propheta,
519 602 608 649 quia
638 612 748 648 quem
776 601 927 636 venien·

153 653 230 686 tem
257 650 419 694 nuntiat,
445 650 561 696 digito
590 651 841 690 demonstrat,
870 649 932 682 Jo-

154 707 273 734 annes
294 698 477 742 Angelus,
500 698 565 733 sed
587 701 622 733 et
644 696 740 731 inter
768 695 931 739 Angelos

155 745 315 788 electus,
357 746 548 781 Salvatore
593 745 663 779 hoe
714 746 928 786 attestante,

150 802 234 828 cum
253 791 341 826 dicit
355 803 363 826 :
378 794 465 827 Ecce
479 794 580 827 mitto
602 791 783 833 Anqelam
799 800 929 827 meum,

151 843 232 880 ete;
256 840 421 874 Joannes
442 839 655 884 Apostolus,
678 837 742 872 sed
770 840 806 872 et
831 838 932 880 Apo-

153 886 335 922 stolorum
371 885 514 931 primus
549 890 585 921 et
620 894 810 931 prmoeps,
839 885 931 925 qum

149 934 226 976 fuit
257 935 358 967 homo
395 935 529 967 missus
568 943 590 966 a
623 934 726 969 De0,-
761 931 931 964 Joannes

154 979 397 1023 evangelista,
420 979 485 1013 sed
514 981 550 1012 et
572 975 760 1020 Evangelii
790 974 931 1020 primus

153 1026 338 1071 inceptor,
369 1025 576 1070 praedicans
604 1021 845 1066 Evangelium
873 1032 930 1056 re-

156 1074 241 1120 gni,
271 1074 437 1107 joannes
458 1071 577 1116 virgo,
606 1071 681 1105 imo
704 1068 930 1114 virginitatis

157 1129 304 1162 norma,
345 1118 534 1165 pudicitiae
577 1118 724 1159 titulus,
747 1115 930 1151 castitatis

158 1167 391 1212 exemplum3
419 1168 583 1202 „loannes
614 1168 768 1210 martyr,
803 1163 866 1198 sed
895 1166 931 1197 et

156 1214 325 1259 martyrii
350 1214 489 1256 lumen,
510 1212 606 1248 inter
627 1211 860 1247 nativitatem
885 1209 931 1244 si-

157 1261 307 1307 quidem
336 1266 568 1306 mortemque
590 1258 726 1296 Christi
756 1261 930 1293 constan-

153 1308 299 1344 tissima
327 1308 448 1343 forma
471 1307 650 1353 martyrii.
682 1308 762 1351 Ipse
783 1308 839 1340 est
859 1315 930 1339 ‘1³0oe

151 1358 190 1392 in
211 1356 349 1391 deserto
370 1357 577 1393 clamantis,
604 1357 691 1397 etc.,
713 1354 929 1387 Praecursor

151 1402 306 1446 Judicis,
335 1413 456 1448 praeco
483 1401 607 1438 Verbi.
630 1404 709 1446 Ipse
736 1404 787 1434 est
809 1401 925 1438 Elias,

152 1460 269 1495 usque
306 1451 353 1485 ad
390 1460 499 1494 quem
537 1451 605 1484 Lex
643 1451 677 1483 et
713 1448 925 1498 Prophetae,

153 1499 314 1533 Lucerna
354 1498 484 1531 ardens
524 1500 557 1531 et
597 1497 742 1537 lucens,
783 1503 927 1528 amicus

151 1544 293 1590 sponsi,
321 1554 468 1589 sponsa}
500 1545 747 1589 praeparator.
769 1539 925 1576 Silentio

151 1596 302 1627 transeo
325 1596 471 1634 cetera;
493 1591 545 1626 sic
573 1600 706 1625 novem
730 1587 925 1623 ordinibus

151 1638 380 1683 Angvlorum
403 1638 564 1674 insertus
586 1642 654 1679 est,
684 1640 720 1671 ut
743 1634 856 1670 etiam
879 1634 924 1669 ad

154 1686 350 1731 Seraphim
389 1685 533 1730 apicem
568 1683 817 1719 transferatur
855 1693 863 1716 ε
905 1694 921 1714 »

154 1734 233 1769 haee
254 1734 476 1767 Bemzamcus.

207 1784 244 1815 15
268 1782 344 1822 Quo
365 1791 472 1815 seusu
502 1790 626 1814 Furtum
649 1779 768 1813 Emis.
792 1796 837 1801 —-
856 1776 925 1810 De-

154 1826 239 1862 inde
262 1828 440 1861 Dominus
479 1825 634 1861 subdit:
663 1827 709 1859 Et
744 1825 777 1858 si
813 1823 926 1857 vultis

152 1876 309 1919 recipere
335 1877 371 1909 et
398 1873 619 1917 intelligere,
634 1874 711 1917 ipse
733 1874 783 1922 cst
808 1870 923 1909 Elias,

154 1923 219 1967 qui
236 1926 406 1957 venturus
432 1924 508 1963 esst
530 1922 634 1955 Elias
668 1929 740 1954 non
771 1928 811 1952 in
845 1926 926 1962 per-

850 201 1005 235 PARTIS
1043 200 1179 234 CAPUT
1216 201 1289 235 LVI

1003 280 1108 311 sona,
1129 269 1194 305 sed
1214 268 1253 305 in
1270 268 1404 316 spiritu
1427 280 1435 304 :
1458 267 1546 313 quia
1579 267 1646 304 fuit
1680 267 1785 304 simi-

1001 316 1046 352 lis
1068 316 1170 360 Eliae,
1191 320 1227 352 et
1259 318 1329 353 hoc
1359 316 1397 352 in
1417 315 1550 352 tribus.
1573 315 1714 358 Primo,
1736 315 1775 350 in

1000 363 1219 400 austeritate
1237 363 1483 409 poenitentiae,
1507 362 1594 408 quia
1623 362 1669 398 de
1697 361 1780 398 Elia

1002 410 1176 446 scribitur
1202 412 1301 456 quod
1327 414 1407 447 erat
1433 410 1489 445 vir
1511 410 1666 456 pilosus,
1688 410 1778 455 quia

1001 459 1163 494 habebat
1178 461 1319 494 vestem
1333 458 1513 494 hirsutam
1527 462 1562 493 et
1584 467 1773 503 asperam,

1000 509 1036 541 et
1062 516 1156 540 zona
1183 505 1340 550 pellicea
1369 504 1558 540 accinctus
1595 504 1750 540 renibus
1773 515 1781 547 ;

1001 552 1172 589 similiter
1193 553 1238 588 de
1261 554 1407 588 Joanne
1434 551 1571 587 dieitur
1590 552 1693 597 quod
1713 552 1776 586 ha-

1000 602 1111 636 bebat
1137 599 1401 635 vestimentum
1430 599 1475 634 de
1502 599 1587 645 pilis
1608 599 1771 634 camelo-

999 658 1082 683 rum
1109 650 1145 683 et
1171 657 1303 682 zonam
1336 645 1529 692 pelliceam
1557 645 1656 681 circa
1681 646 1774 681 lum-

999 696 1080 731 bos.
1103 715 1148 719 —
1176 694 1360 737 Secundo,
1390 693 1429 728 in
1463 693 1650 728 soliditate
1683 703 1775 728 con-

1000 740 1145 777 stantiae
1164 753 1171 776 :
1189 741 1234 776 de
1253 741 1333 776 Elia
1349 742 1448 776 enim
1469 739 1658 783 scribitur,
1673 739 1774 785 quod

999 789 1078 834 ipse
1093 789 1499 832 constanterarguebat
1509 797 1634 832 regem
1646 787 1773 822 Achab

999 840 1035 870 et
1077 846 1205 880 regem
1259 834 1483 877 Ochoziam;
1523 839 1560 869 et
1599 833 1772 869 similiter

997 883 1160 916 Joannes
1193 886 1410 917 constanter
1442 882 1621 926 arguebat
1659 882 1773 916 Hero-

1000 928 1098 963 dem.
1126 949 1171 956 -
1210 928 1348 971 Tertio,
1383 929 1417 963 in
1454 928 1676 964 auctoritate
1704 928 1772 964 do-

999 975 1127 1010 ctrinae
1145 987 1153 1010 :
1173 975 1260 1020 quia
1278 975 1373 1010 sicut.
1390 975 1488 1011 Elias
1507 979 1686 1011 venturus
1701 978 1771 1013 est.

998 1033 1065 1067 per
1086 1022 1391 1067 praedicationem
1419 1033 1524 1058 suam
1546 1022 1774 1058 denuntians

997 1068 1132 1104 Christi
1155 1069 1356 1105 adventum
1377 1072 1604 1113 secundu1n3
1636 1070 1688 1105 ita
1710 1071 1772 1105 Jo-

998 1127 1130 1159 annes,
1152 1119 1324 1161 utsupra
1339 1117 1481 1151 dictum
1500 1120 1570 1156 est,
1592 1117 1775 1160 prrevenit

1000 1173 1172 1208 primum.
1192 1164 1245 1206 Et,
1262 1162 1469 1197 secundum
1487 1161 1772 1208 Hieronymum,

998 1212 1068 1245 hoc
1095 1209 1235 1245 dictum
1264 1211 1343 1255 ipse
1369 1213 1420 1243 est
1445 1210 1548 1243 Elias
1574 1209 1775 1254 mysticum

998 1268 1093 1300 esse,
1123 1260 1158 1292 et
1184 1267 1294 1302 egere
1334 1255 1581 1301 intelligentia
1607 1267 1773 1301 sequens

998 1304 1145 1340 Domini
1180 1314 1303 1339 sermo
1333 1303 1581 1346 demonstrat,
1614 1303 1769 1339 dicens:

997 1352 1066 1395 Qui
1100 1351 1206 1386 habet
1237 1361 1342 1386 aures
1372 1350 1494 1385 cordis
1520 1351 1710 1391 audiendi,
1733 1350 1773 1386 id

996 1403 1051 1434 est
1072 1397 1318 1443 intelligendi,
1338 1399 1480 1436 audiat,
1500 1396 1536 1432 id
1557 1401 1614 1433 est
1632 1397 1771 1433 intelli·

995 1449 1071 1490 gat,
1092 1445 1235 1480 scilicet
1262 1444 1350 1490 quia
1376 1456 1451 1480 non
1474 1444 1564 1479 dixit
1585 1444 1768 1481 ,loannem

995 1503 1077 1528 esse
1102 1492 1217 1528 Eliam
1256 1492 1294 1527 in
1321 1502 1496 1537 persona,
1520 1492 1585 1527 sed
1626 1492 1663 1527 in
1703 1492 1775 1538 spi-

994 1539 1080 1575 ritu.
1103 1540 1182 1582 Vel,
1199 1541 1263 1584 qui
1285 1540 1391 1574 habet
1414 1550 1518 1574 aures
1537 1539 1582 1574 ad
1606 1539 1774 1576 osticium

995 1587 1171 1622 audienda·
1211 1586 1386 1630 exterius,
1425 1587 1556 1621 cacaliae
1596 1585 1768 1631 interius,

995 1633 1209 1669 adhibendo
1229 1633 1465 1679 diligentiam
1487 1633 1586 1668 circa
1611 1644 1656 1669 ea
1683 1645 1765 1678 quae

996 1681 1078 1716 dico
1106 1684 1141 1716 et
1167 1680 1239 1716 dixi
1268 1681 1452 1726 superius.
1483 1680 1604 1716 Utitur
1638 1684 1770 1717 autem

996 1727 1166 1763 Christus
1192 1728 1328 1763 talibus
1359 1727 1495 1768 verbis,
1520 1728 1766 1773 proponendo

995 1775 1146 1820 aliquod
1187 1775 1348 1810 arduum
1386 1775 1442 1810 vel
1488 1775 1698 1820 mysticum,
1734 1778 1768 1811 et

995 1823 1064 1857 hoc
1092 1822 1147 1857 vel
1169 1825 1208 1857 ut
1228 1825 1375 1857 moveat
1394 1822 1626 1858 intellectum
1648 1823 1695 1858 ad
1707 1821 1767 1858 in-

994 1868 1253 1914 telligendum,
1276 1869 1333 1904 vel
1355 1869 1531 1905 affectum
1547 1870 1594 1905 ad
1611 1869 1765 1916 acquie-

996 1916 1176 1952 scendum
1201 1920 1236 1952 ot
1257 1916 1552 1963 exsequendum.

888 2044 1056 2080 ORATIO

200 2153 359 2190 Domine
386 2155 471 2190 Jesu
501 2151 660 2196 Christe,
680 2150 860 2198 quoniam
896 2153 936 2185 tu
969 2159 1009 2184 es
1036 2148 1097 2194 qui
1115 2152 1296 2184 venturus
1317 2159 1357 2184 es
1389 2149 1436 2185 ad
1454 2149 1673 2186 salvandum
1695 2161 1775 2195 nos,

153 2204 190 2238 et
205 2201 318 2237 alium
339 2212 411 2237 non
433 2203 691 2245 exspectamus
711 2211 718 2234 :
743 2199 791 2234 da
811 2196 918 2233 nohis
939 2200 979 2233 ut
1000 2195 1113 2231 vincti
1141 2200 1203 2232 tuo
1231 2207 1358 2232 amore
1382 2200 1417 2231 et
1442 2196 1575 2233 timore
1603 2208 1779 2234 exeamus

155 2249 201 2284 de
226 2247 451 2284 arundineto
475 2247 651 2283 vanitatis
677 2251 713 2281 et
744 2247 789 2281 de
814 2244 914 2280 molli
939 2243 1072 2279 vestitu
1094 2243 1309 2289 voluptatis,
1332 2243 1369 2278 in
1387 2243 1575 2280 desertum
1598 2246 1781 2290 poeniten·

154 2295 229 2331 tiae.
253 2295 439 2331 Renuntia
460 2295 566 2330 nobis
585 2305 651 2340 per
672 2294 846 2329 effectum
875 2290 1140 2327 misericordiae
1175 2295 1262 2335 tuae,
1280 2290 1367 2335 quia
1402 2294 1441 2326 tu
1471 2302 1508 2326 es
1533 2292 1685 2337 veritas,
1708 2303 1781 2338 qua

157 2346 282 2378 mente
319 2342 405 2378 caeci
440 2341 565 2377 vident
589 2353 597 2376 :
622 2341 770 2383 caritas,
797 2350 871 2385 qua
904 2339 1039 2374 effectu
1068 2337 1191 2373 claudi
1225 2338 1420 2374 ambulant
1445 2349 1452 2372 :
1474 2339 1680 2379 humilitas.
1707 2350 1779 2385 qua

157 2391 305 2436 superbi
344 2388 481 2435 leprosi
514 2389 770 2424 mundantur:

793 2387 962 2429 verbum,
985 2396 1058 2431 quo
1099 2384 1201 2420 surdi
1228 2385 1385 2421 audiunt
1407 2396 1414 2420 :
1437 2384 1526 2430 vita,
1549 2397 1622 2432 qua
1644 2386 1780 2422 mortui

158 2441 372 2483 resurgunt,
393 2440 430 2472 et
450 2435 581 2481 virtus,
603 2446 675 2482 qua
707 2444 890 2481 pauperes
922 2432 1245 2479 evangelizantur;
1273 2435 1314 2469 ut
1340 2442 1471 2468 omnes
1498 2433 1546 2469 ad
1569 2437 1605 2470 te
1631 2444 1783 2470 conver-

154 2489 296 2522 tantur.
314 2485 447 2520 Amen.
